@Article{akhondi2009gelcasting,
author="Akhondi, H.
and Taheri-Nassaj, E.
and Sarpoolaky, H.
and Taavoni-Gilan, A.",
title="Gelcasting of alumina nanopowders based on gelation of sodium alginate",
journal="Ceramics International",
year="2009",
publisher="Elsevier",
volume="35",
number="3",
pages="1033--1037",
optkeywords="ceramics",
optlocation="Daniel Correia (therobotist@gmail.com)",
optnote="exported from refbase (http://192.168.0.42/show.php?record=90), last updated on Sun, 26 May 2019 20:55:58 -0400",
file=":http://192.168.0.42/files/akhondi/2009/90\textit{Akhondi}etal2009.pdf:PDF"
}

@TechReport{blocher1957carbide,
author="Blocher Jr, J. M.
and Ish, C. J.
and Leiter, D. P.
and Plock, L. F.
and Campbell, I. E.",
title="Carbide coatings on graphite",
year="1957",
publisher="Battelle Memorial Inst., Columbus, Ohio",
optkeywords="ceramics",
optlocation="Daniel Correia (therobotist@gmail.com)",
optnote="exported from refbase (http://192.168.0.42/show.php?record=54), last updated on Sun, 26 May 2019 20:26:44 -0400",
file=":http://192.168.0.42/files/blocherjr/1957/54\textit{BlocherJr}etal1957.pdf:PDF"
}

@Article{chabert2008cross,
author="Chabert, F.
and Dunstan, D. E.
and Franks, G. V.",
title="Cross-linked polyvinyl alcohol as a binder for gelcasting and green machining",
journal="Journal of the American Ceramic Society",
year="2008",
publisher="Wiley Online Library",
volume="91",
number="10",
pages="3138--3146",
optkeywords="ceramics",
optlocation="Daniel Correia (therobotist@gmail.com)",
optnote="exported from refbase (http://192.168.0.42/show.php?record=73), last updated on Sat, 18 May 2019 01:16:07 -0400",
file=":http://192.168.0.42/files/chabert/2008/73\textit{Chabert}etal2008.pdf:PDF"
}

@Article{chen1999alumina,
author="Chen, Y.
and Xie, Z.
and Yang, J.
and Huang, Y.",
title="Alumina casting based on gelation of gelatine",
journal="Journal of the European Ceramic Society",
year="1999",
publisher="Elsevier",
volume="19",
number="2",
pages="271--275",
optkeywords="ceramics",
optlocation="Daniel Correia (therobotist@gmail.com)",
optnote="exported from refbase (http://192.168.0.42/show.php?record=96), last updated on Sun, 26 May 2019 21:01:24 -0400",
file=":http://192.168.0.42/files/chen/1999/96\textit{Chen}etal1999.pdf:PDF"
}

@Article{CoorsTekInc.2017,
author="CoorsTek Inc.",
title="High-Performance Heating Igniters",
year="2017",
optkeywords="ceramics",
optlocation="Daniel Correia (therobotist@gmail.com)",
optnote="exported from refbase (http://192.168.0.42/show.php?record=89), last updated on Sun, 26 May 2019 01:14:45 -0400",
opturl="https://www.coorstek.com/media/1759/heating-igniters-brochure.pdf",
file=":http://192.168.0.42/files/coorstekinc/2017/89\_CoorsTekInc.2017.pdf:PDF"
}

@Article{dhara2001egg,
author="Dhara, S.
and Bhargava, P.",
title="Egg white as an environmentally friendly low-cost binder for gelcasting of ceramics",
journal="Journal of the American Ceramic Society",
year="2001",
publisher="Wiley Online Library",
volume="84",
number="12",
pages="3048--3050",
optkeywords="ceramics",
optlocation="Daniel Correia (therobotist@gmail.com)",
optnote="exported from refbase (http://192.168.0.42/show.php?record=94), last updated on Sun, 26 May 2019 20:58:45 -0400",
file=":http://192.168.0.42/files/dhara/2001/94\_Dhara+Bhargava2001.pdf:PDF"
}

@Article{ghosal1999physical,
author="Ghosal, S.
and Emami-Naeini, A.
and Harn, Y-P
and Draskovich, B. S.
and Pollinger, J. P.",
title="A physical model for the drying of gelcast ceramics",
journal="Journal of the American Ceramic Society",
year="1999",
publisher="Wiley Online Library",
volume="82",
number="3",
pages="513--520",
optkeywords="ceramics",
optlocation="Daniel Correia (therobotist@gmail.com)",
optnote="exported from refbase (http://192.168.0.42/show.php?record=93), last updated on Sun, 26 May 2019 20:58:03 -0400",
file=":http://192.168.0.42/files/ghosal/1999/93\textit{Ghosal}etal1999.pdf:PDF"
}

@Article{guillon2014field,
author="Guillon, O.
and Gonzalez-Julian, J.
and Dargatz, B.
and Kessel, T.
and Schierning, G.
and R{\~A}?thel, J.
and Herrmann, M.",
title="Field-assisted sintering technology/spark plasma sintering: mechanisms, materials, and technology developments",
journal="Advanced Engineering Materials",
year="2014",
publisher="Wiley Online Library",
volume="16",
number="7",
pages="830--849",
optkeywords="ceramics",
optlocation="Daniel Correia (therobotist@gmail.com)",
optnote="exported from refbase (http://192.168.0.42/show.php?record=97), last updated on Sun, 26 May 2019 21:10:57 -0400",
file=":http://192.168.0.42/files/guillon/2014/97\textit{Guillon}etal2014.pdf:PDF"
}

@Article{hammond1988brazing,
author="Hammond, J. P.
and David, S. A.
and Santella, M. L.",
title="Brazing ceramic oxides to metals at low temperatures",
journal="Welding J",
year="1988",
volume="67",
number="10",
pages="227--232",
optkeywords="ceramics",
optlocation="Daniel Correia (therobotist@gmail.com)",
optnote="exported from refbase (http://192.168.0.42/show.php?record=38), last updated on Thu, 11 Apr 2019 00:06:38 -0400",
file=":http://192.168.0.42/files/hammond/1988/38\textit{Hammond}etal1988.pdf:PDF"
}

@Article{koch2003evolution,
author="Koch, D.
and Andresen, L.
and Schmedders, T.
and Grathwohl, G.",
title="Evolution of porosity by freeze casting and sintering of sol-gel derived ceramics",
journal="Journal of sol-gel science and technology",
year="2003",
publisher="Springer",
volume="26",
number="1-3",
pages="149--152",
optkeywords="ceramics",
optlocation="Daniel Correia (therobotist@gmail.com)",
optnote="exported from refbase (http://192.168.0.42/show.php?record=83), last updated on Sun, 26 May 2019 20:54:02 -0400",
file=":http://192.168.0.42/files/koch/2003/83\textit{Koch}etal2003.pdf:PDF"
}

@InProceedings{langley1880bolometer,
author="Langley, S. P.",
title="The Bolometer and Radiant Energy",
booktitle="Proceedings of the American Academy of Arts and Sciences",
year="1880",
volume="16",
pages="342--358",
optkeywords="ceramics",
optlocation="Daniel Correia (therobotist@gmail.com)",
optnote="exported from refbase (http://192.168.0.42/show.php?record=74), last updated on Sun, 26 May 2019 20:24:18 -0400",
file=":http://192.168.0.42/files/langley/1880/74\_Langley1880.pdf:PDF"
}

@Article{lazic2004influence,
author="Lazic, M. S.
and Simovic, K.
and Miskovic-Stankovic, V. B.
and Jovanic, P.
and Kicevic, D.",
title="The influence of the deposition parameters on the porosity of thin alumina films on steel",
journal="Journal of the Serbian Chemical Society",
year="2004",
volume="69",
number="3",
pages="239--249",
optkeywords="ceramics",
optlocation="Daniel Correia (therobotist@gmail.com)",
optnote="exported from refbase (http://192.168.0.42/show.php?record=55), last updated on Sun, 26 May 2019 20:24:32 -0400",
file=":http://192.168.0.42/files/lazic/2004/55\textit{Lazic}etal2004.pdf:PDF"
}

@Misc{luks1942vitreous,
author="Luks, D. W.",
title="Vitreous high alumina porcelain",
year="1942",
publisher="Google Patents",
optkeywords="ceramics",
optlocation="Daniel Correia (therobotist@gmail.com)",
optnote="US Patent 2,290,107",
optnote="exported from refbase (http://192.168.0.42/show.php?record=98), last updated on Sun, 26 May 2019 22:04:15 -0400",
file=":http://192.168.0.42/files/luks/1942/98\_Luks1942.pdf:PDF"
}

@InProceedings{NPTEL,
author="NPTEL",
title="Processing of Ceramic Parts -- Pressing",
optkeywords="ceramics",
optlocation="Daniel Correia (therobotist@gmail.com)",
optnote="exported from refbase (http://192.168.0.42/show.php?record=78), last updated on Sun, 19 May 2019 23:49:44 -0400",
file=":http://192.168.0.42/files/nptel/78\_NPTEL.pdf:PDF"
}

@Article{P.M.Roberts/DelphiBrazingConsultants2009,
author="P.M.Roberts/Delphi Brazing Consultants",
title="Is it possible to braze ceramics?",
year="2009",
optkeywords="ceramics",
optlocation="Daniel Correia (therobotist@gmail.com)",
optnote="exported from refbase (http://192.168.0.42/show.php?record=33), last updated on Wed, 10 Apr 2019 11:13:10 -0400",
file=":http://192.168.0.42/files/pmrobertsdelphibrazingconsultants/2009/33\_P.M.RobertsDelphiBrazingConsultants2009.pdf:PDF"
}

@Article{doi:10.1111/jace.13613,
author="Raj, R.
and Terauds, K.",
title="Bubble Nucleation During Oxidation of SiC",
journal="Journal of the American Ceramic Society",
year="2015",
volume="98",
number="8",
pages="2579--2586",
optkeywords="ceramics",
optlocation="Daniel Correia (therobotist@gmail.com)",
optnote="exported from refbase (http://192.168.0.42/show.php?record=81), last updated on Sun, 26 May 2019 20:24:54 -0400",
doi="10.1111/jace.13613",
opturl="https://ceramics.onlinelibrary.wiley.com/doi/abs/10.1111/jace.13613",
file=":http://192.168.0.42/files/raj/2015/81\_Raj+Terauds2015.pdf:PDF"
}

@Book{schrieber2007gelatine,
author="Schrieber, R.
and Gareis, H.",
title="Gelatine handbook: theory and industrial practice",
year="2007",
publisher="John Wiley \& Sons",
optkeywords="ceramics",
optlocation="Daniel Correia (therobotist@gmail.com)",
optnote="like how many pages does this have haha WHAT",
optnote="exported from refbase (http://192.168.0.42/show.php?record=92), last updated on Sun, 26 May 2019 20:57:20 -0400"
}

@TechReport{sgobba2006materials,
author="Sgobba, S.",
title="Materials for high vacuum technology, an overview",
year="2006",
publisher="Cern",
optkeywords="ceramics",
optlocation="Daniel Correia (therobotist@gmail.com)",
optnote="exported from refbase (http://192.168.0.42/show.php?record=91), last updated on Sun, 26 May 2019 20:56:33 -0400",
file=":http://192.168.0.42/files/sgobba/2006/91\_Sgobba2006.pdf:PDF"
}

@Article{xie2001new,
author="Xie, Z-P
and Huang, Y.
and Chen, Y-L
and Jia, Y.",
title="A new gel casting of ceramics by reaction of sodium alginate and calcium iodate at increased temperatures",
journal="Journal of materials science letters",
year="2001",
publisher="Springer",
volume="20",
number="13",
pages="1255--1257",
optkeywords="ceramics",
optlocation="Daniel Correia (therobotist@gmail.com)",
optnote="exported from refbase (http://192.168.0.42/show.php?record=82), last updated on Wed, 22 May 2019 22:53:02 -0400"
}

@Article{yoder2015carbon,
author="Yoder, T.
and Greene, B.
and Porter, A.",
title="Carbon Structure Hazard Control",
year="2015",
optkeywords="ceramics",
optlocation="Daniel Correia (therobotist@gmail.com)",
optnote="exported from refbase (http://192.168.0.42/show.php?record=79), last updated on Sun, 19 May 2019 23:57:35 -0400",
file=":http://192.168.0.42/files/yoder/2015/79\textit{Yoder}etal2015.pdf:PDF"
}
