
@article{_a,
  itemID = 835
}
% == BibTeX quality report for _a:
% Missing required field 'author'
% Missing required field 'title'
% Missing required field 'journal'
% Missing required field 'year'

@book{502004,
  title = {50 Years Progress in Crystal Growth: A Reprint Collection},
  shorttitle = {50 Years Progress in Crystal Growth},
  editor = {Feigelson, Robert},
  year = {2004},
  publisher = {{Elsevier}},
  address = {{Amsterdam}},
  isbn = {978-0-444-51650-3},
  language = {en},
  itemID = 1414
}

@article{Acute2008,
  title = {Acute Group Poisoning by Titanium Dioxide: Inhalation Exposure May Cause Metal Fume Fever},
  shorttitle = {Acute Group Poisoning by Titanium Dioxide},
  author = {Otani, Norio and Ishimatsu, Shinichi and Mochizuki, Toshiaki},
  year = {2008},
  month = jun,
  volume = {26},
  pages = {608--611},
  issn = {0735-6757},
  doi = {10.1016/j.ajem.2007.08.018},
  url = {http://www.sciencedirect.com/science/article/pii/S0735675707005384},
  urldate = {2019-11-18},
  journal = {The American Journal of Emergency Medicine},
  language = {en},
  number = {5},
  itemID = 423
}

@misc{Agar,
  title = {Agar {{Agar}} – {{The Vegan Gelatin Alternative}}},
  author = {on November 30th, Ivy Knight and Comments, 2015 | 3},
  url = {http://fiestafarms.ca/13347/food/agar-agar-the-vegan-gelatin-alternative},
  urldate = {2019-11-06},
  journal = {Fiesta Farms},
  language = {en-US},
  itemID = 350
}
% == BibTeX quality report for Agar:
% ? Title looks like it was stored in title-case in Zotero

@article{AlcoholAssisted,
  title = {Alcohol-{{Assisted Photocrosslinking}} of {{Poly}}(Vinyl Alcohol) for {{Water}}-{{Soluble Photoresists}}},
  author = {Shim, Sang-Yeon and Kim, Jong-Man},
  pages = {3},
  language = {en},
  itemID = 693
}
% == BibTeX quality report for AlcoholAssisted:
% Missing required field 'journal'
% Missing required field 'year'

@article{Allphotonic2016,
  title = {All-Photonic Drying and Sintering Process via Flash White Light Combined with Deep-{{UV}} and near-Infrared Irradiation for Highly Conductive Copper Nano-Ink},
  author = {Hwang, Hyun-Jun and Oh, Kyung-Hwan and Kim, Hak-Sung},
  year = {2016},
  month = jan,
  volume = {6},
  pages = {1--10},
  publisher = {{Nature Publishing Group}},
  issn = {2045-2322},
  doi = {10.1038/srep19696},
  url = {https://www.nature.com/articles/srep19696},
  urldate = {2020-04-05},
  copyright = {2016 The Author(s)},
  journal = {Scientific Reports},
  language = {en},
  number = {1},
  itemID = 2283
}

@article{Alumina1999,
  title = {Alumina Casting Based on Gelation of Gelatine},
  author = {Chen, Yali and Xie, Zhipeng and Yang, Jinlong and Huang, Yong},
  year = {1999},
  month = feb,
  volume = {19},
  pages = {271--275},
  issn = {09552219},
  doi = {10/bnffpq},
  url = {https://linkinghub.elsevier.com/retrieve/pii/S0955221998002015},
  urldate = {2020-03-10},
  journal = {Journal of the European Ceramic Society},
  language = {en},
  number = {2},
  itemID = 1468
}

@article{Aluminium1989,
  title = {Aluminium Nitride by Carbothermal Nitridation},
  author = {Bachelard, R. and Joubert, P.},
  year = {1989},
  month = mar,
  volume = {109},
  pages = {247--251},
  issn = {09215093},
  doi = {10/bgg4rk},
  url = {https://linkinghub.elsevier.com/retrieve/pii/0921509389905959},
  urldate = {2020-03-10},
  journal = {Materials Science and Engineering: A},
  language = {en},
  itemID = 1632
}

@article{Aluminium2020,
  title = {Aluminium Hydroxide},
  year = {2020},
  month = feb,
  url = {https://en.wikipedia.org/w/index.php?title=Aluminium_hydroxide&oldid=942649506},
  urldate = {2020-02-26},
  annotation = {Page Version ID: 942649506},
  copyright = {Creative Commons Attribution-ShareAlike License},
  journal = {Wikipedia},
  language = {en},
  itemID = 1066
}
% == BibTeX quality report for Aluminium2020:
% Missing required field 'author'

@misc{Aluminum,
  title = {Aluminum},
  url = {http://www.public.asu.edu/~jpbirk/qual/qualanal/aluminum.html},
  urldate = {2020-02-26},
  itemID = 1068
}

@article{Aluminum1959,
  title = {Aluminum {{Nitride}}, a {{Refractory}} for {{Aluminum}} to 2000°{{C}}.},
  author = {Long, George and Foster, L. M.},
  year = {1959},
  volume = {42},
  pages = {53--59},
  issn = {1551-2916},
  doi = {10.1111/j.1151-2916.1959.tb14066.x},
  url = {http://ceramics.onlinelibrary.wiley.com/doi/abs/10.1111/j.1151-2916.1959.tb14066.x},
  urldate = {2020-07-06},
  annotation = {\_eprint: https://onlinelibrary.wiley.com/doi/pdf/10.1111/j.1151-2916.1959.tb14066.x},
  journal = {Journal of the American Ceramic Society},
  language = {en},
  number = {2},
  itemID = 3376
}
% == BibTeX quality report for Aluminum1959:
% ? Title looks like it was stored in title-case in Zotero

@article{Aluminum1959b,
  title = {Aluminum {{Nitride}}, a {{Refractory}} for {{Aluminum}} to {{2000Â}}° {{C}}},
  author = {Long, G. and Foster, L. M.},
  year = {1959},
  volume = {42},
  pages = {53--59},
  publisher = {{Wiley Online Library}},
  journal = {Journal of the American Ceramic Society},
  number = {2},
  itemID = 1233
}
% == BibTeX quality report for Aluminum1959b:
% ? Title looks like it was stored in title-case in Zotero

@article{Aluminum2006,
  title = {Aluminum Bioavailability from the Approved Food Additive Leavening Agent Acidic Sodium Aluminum Phosphate, Incorporated into a Baked Good, Is Lower than from Water},
  author = {Yokel, Robert A. and Florence, Rebecca L.},
  year = {2006},
  month = oct,
  volume = {227},
  pages = {86--93},
  issn = {0300483X},
  doi = {10.1016/j.tox.2006.07.014},
  url = {https://linkinghub.elsevier.com/retrieve/pii/S0300483X06004628},
  urldate = {2019-10-22},
  journal = {Toxicology},
  language = {en},
  number = {1-2},
  itemID = 33
}

@misc{Aluminuma,
  title = {Aluminum Bioavailability from the Approved Food Additive Leavening Agent Acidic Sodium Aluminum Phosphate, Incorporated into a Baked Good, Is Lower than from Water},
  itemID = 639
}

@misc{Aluminumb,
  title = {Aluminum Aqueous Bioavailability},
  itemID = 341
}

@article{Anodic2006,
  title = {Anodic Bonding},
  author = {Knowles, K. M. and {van Helvoort}, A. T. J.},
  year = {2006},
  month = oct,
  volume = {51},
  pages = {273--311},
  issn = {0950-6608, 1743-2804},
  doi = {10.1179/174328006X102501},
  url = {http://www.tandfonline.com/doi/full/10.1179/174328006X102501},
  urldate = {2020-01-06},
  journal = {International Materials Reviews},
  language = {en},
  number = {5},
  itemID = 646
}

@misc{Aquazol,
  title = {Aquazol Binder Strength with Alumina},
  author = {Polymer Chemistry},
  url = {https://www.polychemistry.com/wp-content/uploads/2019/05/Aquazol-Compressive-Strength-Density-of-Alumina-Mix.pdf},
  urldate = {2019-10-27},
  itemID = 630
}

@article{Aqueous1998,
  title = {Aqueous Suspensions for Tape-Casting Based on Acrylic Binders},
  author = {Pagnoux, C. and Chartier, T. and {de F. Granja}, M. and Doreau, F. and Ferreira, J.M. and Baumard, J.F.},
  year = {1998},
  month = jan,
  volume = {18},
  pages = {241--247},
  issn = {09552219},
  doi = {10.1016/S0955-2219(97)00115-5},
  url = {https://linkinghub.elsevier.com/retrieve/pii/S0955221997001155},
  urldate = {2019-10-31},
  journal = {Journal of the European Ceramic Society},
  language = {en},
  number = {3},
  itemID = 325
}

@article{Aqueous2001,
  title = {Aqueous Injection Moulding of Alumina Using Agarose},
  author = {Millán, A.J. and Moreno, R. and Nieto, M.I.},
  year = {2001},
  month = feb,
  volume = {47},
  pages = {324--328},
  issn = {0167577X},
  doi = {10.1016/S0167-577X(00)00258-5},
  url = {https://linkinghub.elsevier.com/retrieve/pii/S0167577X00002585},
  urldate = {2020-01-06},
  journal = {Materials Letters},
  language = {en},
  number = {6},
  itemID = 661
}

@misc{Article,
  title = {Article 61- {{Discovering}} a {{Material That}}'s {{Harder Than Diamond}}},
  url = {http://www.winstonbrill.com/bril001/html/article_index/articles/51-100/article61_body.html},
  urldate = {2020-03-08},
  itemID = 1303
}
% == BibTeX quality report for Article:
% ? Title looks like it was stored in title-case in Zotero

@misc{BandgapEnergy,
  title = {3.2.1 {{Bandgap}}-{{Energy}}},
  url = {https://www.iue.tuwien.ac.at/phd/ayalew/node61.html},
  urldate = {2020-02-03},
  itemID = 916
}
% == BibTeX quality report for BandgapEnergy:
% ? Title looks like it was stored in title-case in Zotero

@article{Beam,
  title = {Beam {{Extraction}} and {{Transport}}},
  author = {Kalvas, T.},
  doi = {10.5170/CERN-2013-007},
  url = {http://arxiv.org/abs/1401.3951},
  urldate = {2020-03-10},
  archivePrefix = {arXiv},
  eprint = {1401.3951},
  eprinttype = {arxiv},
  journal = {arXiv:1401.3951 [physics]},
  language = {en},
  primaryClass = {physics},
  itemID = 1419
}
% == BibTeX quality report for Beam:
% Missing required field 'year'
% ? Possibly abbreviated journal title arXiv:1401.3951 [physics]
% ? Title looks like it was stored in title-case in Zotero

@misc{Best2016,
  title = {The {{Best Way}} to {{Cut}} a {{CD}} or {{DVD}}},
  year = {2016},
  month = jul,
  url = {https://kristilynglass.com/2016/07/22/creations/the-best-way-to-cut-a-cd-or-dvd/},
  urldate = {2020-02-28},
  chapter = {Creations},
  journal = {Kristi Lyn Glass},
  language = {en-US},
  itemID = 1083
}
% == BibTeX quality report for Best2016:
% ? Title looks like it was stored in title-case in Zotero

@article{Bolometer1880,
  title = {The {{Bolometer}} and {{Radiant Energy}}},
  author = {Langley, S. P.},
  year = {1880},
  volume = {16},
  pages = {342},
  issn = {01999818},
  doi = {10/d7b69k},
  url = {https://www.jstor.org/stable/10.2307/25138616?origin=crossref},
  urldate = {2020-03-10},
  journal = {Proceedings of the American Academy of Arts and Sciences},
  language = {en},
  itemID = 1429
}
% == BibTeX quality report for Bolometer1880:
% ? Title looks like it was stored in title-case in Zotero

@article{Brazing1988,
  title = {Brazing Ceramic Oxides to Metals at Low Temperatures},
  author = {Hammond, J. P. and David, S. A. and Santella, M. L.},
  year = {1988},
  volume = {67},
  pages = {227--232},
  journal = {Welding J},
  number = {10},
  itemID = 1199
}

@article{Bubble2015,
  title = {Bubble {{Nucleation During Oxidation}} of {{SiC}}},
  author = {Raj, Rishi and Terauds, Kalvis},
  editor = {Zangvil, Avi},
  year = {2015},
  month = aug,
  volume = {98},
  pages = {2579--2586},
  issn = {0002-7820, 1551-2916},
  doi = {10/f7k4b5},
  url = {https://onlinelibrary.wiley.com/doi/abs/10.1111/jace.13613},
  urldate = {2020-03-10},
  journal = {Journal of the American Ceramic Society},
  language = {en},
  number = {8},
  itemID = 1514
}
% == BibTeX quality report for Bubble2015:
% ? Title looks like it was stored in title-case in Zotero

@article{Bulk2009,
  title = {Bulk {{Diffusion}} in {{Alumina}}: {{Solving}} the {{Corundum Conundrum}}},
  author = {Hine, Nicholas DM and Frensch, K. and Foulkes, W. M. C. and Finnis, M. W. and Heuer, A. H.},
  year = {2009},
  url = {https://casinoqmc.net/esdg_slides/hine030609.pdf},
  itemID = 1302
}
% == BibTeX quality report for Bulk2009:
% Missing required field 'journal'
% ? Title looks like it was stored in title-case in Zotero

@techreport{CARBIDE1957,
  title = {{{CARBIDE COATINGS ON GRAPHITE}}},
  author = {Blocher, J.M. Jr. and Ish, C.J. and Leiter, D.P. and Plock, L.F. and Campbell, I.E.},
  year = {1957},
  month = jun,
  pages = {BMI-1200, 4265033},
  doi = {10.2172/4265033},
  url = {http://www.osti.gov/servlets/purl/4265033/},
  urldate = {2020-03-10},
  language = {en},
  number = {BMI-1200, 4265033},
  itemID = 1587
}
% == BibTeX quality report for CARBIDE1957:
% Missing required field 'institution'
% ? Title looks like it was stored in title-case in Zotero

@article{Carbon2015,
  title = {Carbon {{Structure Hazard Control}}},
  author = {Yoder, T. and Greene, B. and Porter, A.},
  year = {2015},
  itemID = 1295
}
% == BibTeX quality report for Carbon2015:
% Missing required field 'journal'
% ? Title looks like it was stored in title-case in Zotero

@misc{CD,
  title = {A {{CD}} Spectrometer},
  url = {https://www.cs.cmu.edu/~zhuxj/astro/html/spectrometer.html},
  urldate = {2020-02-28},
  itemID = 1085
}

@article{Cell1992,
  title = {Cell Immobilization Using {{PVA}} Crosslinked with Boric Acid},
  author = {Wu, Kuo-Ying Amanda and Wisecarver, Keith D.},
  year = {1992},
  volume = {39},
  pages = {447--449},
  issn = {1097-0290},
  doi = {10.1002/bit.260390411},
  url = {https://onlinelibrary.wiley.com/doi/abs/10.1002/bit.260390411},
  urldate = {2019-12-18},
  journal = {Biotechnology and Bioengineering},
  language = {en},
  number = {4},
  itemID = 526
}

@inproceedings{Ceramic1989,
  title = {Ceramic Insulation/Multifoil Composite for Thermal Protection of Reentry Spacecraft},
  booktitle = {24th {{Thermophysics Conference}}},
  author = {PITTS, W and KOURTIDES, D},
  year = {1989},
  pages = {1772},
  itemID = 1002
}
% == BibTeX quality report for Ceramic1989:
% ? Unsure about the formatting of the booktitle

@misc{Ceramics,
  title = {Ceramics {{Articles}} @ {{Ceramics Made Easy}}: {{How}} to {{Cast Wax}} in a {{Plaster Mold}} ({{About Ceramic Molds}})},
  url = {http://www.ceramicsmadeeasy.com/cme-articles/about-ceramic-molds/how-to-cast-wax-in-a-plaster-mold/172/index.html},
  urldate = {2019-10-29},
  itemID = 304
}
% == BibTeX quality report for Ceramics:
% ? Title looks like it was stored in title-case in Zotero

@article{Characteristics2017,
  title = {Characteristics of Poly(Vinyl Alcohol) Films Crosslinked by Cinnamaldehyde with Improved Transparency and Water Resistance},
  author = {Gao, Hongfang and Yang, Hui},
  year = {2017},
  month = oct,
  volume = {134},
  pages = {45324},
  issn = {00218995},
  doi = {10.1002/app.45324},
  url = {http://doi.wiley.com/10.1002/app.45324},
  urldate = {2019-12-20},
  journal = {Journal of Applied Polymer Science},
  language = {en},
  number = {38},
  itemID = 560
}

@article{Citric1996,
  title = {Citric {{Acid}}—{{A Dispersant}} for {{Aqueous Alumina Suspensions}}},
  author = {Hidber, Pirmin C. and Graule, Thomas J. and Gauckler, Ludwig J.},
  year = {1996},
  volume = {79},
  pages = {1857--1867},
  issn = {1551-2916},
  doi = {10.1111/j.1151-2916.1996.tb08006.x},
  url = {https://ceramics.onlinelibrary.wiley.com/doi/abs/10.1111/j.1151-2916.1996.tb08006.x},
  urldate = {2020-03-07},
  annotation = {\_eprint: https://ceramics.onlinelibrary.wiley.com/doi/pdf/10.1111/j.1151-2916.1996.tb08006.x},
  journal = {Journal of the American Ceramic Society},
  language = {en},
  number = {7},
  itemID = 1126
}
% == BibTeX quality report for Citric1996:
% ? Title looks like it was stored in title-case in Zotero

@incollection{Controlled1976,
  title = {Controlled {{Grain Growth}}},
  booktitle = {Treatise on {{Materials Science}} \& {{Technology}}},
  author = {Brook, R.J.},
  year = {1976},
  volume = {9},
  pages = {331--364},
  publisher = {{Elsevier}},
  doi = {10.1016/B978-0-12-341809-8.50024-3},
  url = {https://linkinghub.elsevier.com/retrieve/pii/B9780123418098500243},
  urldate = {2020-03-10},
  isbn = {978-0-12-341809-8},
  language = {en},
  itemID = 1417
}
% == BibTeX quality report for Controlled1976:
% ? Title looks like it was stored in title-case in Zotero

@article{Cookbook,
  title = {Cookbook for {{Do}}-It-Yourself {{Transformer Design}}},
  author = {Elektronik, Wurth},
  pages = {24},
  language = {en},
  itemID = 328
}
% == BibTeX quality report for Cookbook:
% Missing required field 'journal'
% Missing required field 'year'

@article{Copper2003,
  title = {Copper Oxide Reduction through Vacuum Annealing},
  author = {Lee, S. Y. and Mettlach, N. and Nguyen, N. and Sun, Y. M. and White, J. M.},
  year = {2003},
  month = feb,
  volume = {206},
  pages = {102--109},
  issn = {0169-4332},
  doi = {10.1016/S0169-4332(02)01239-4},
  url = {http://www.sciencedirect.com/science/article/pii/S0169433202012394},
  urldate = {2020-03-31},
  journal = {Applied Surface Science},
  language = {en},
  number = {1},
  itemID = 2238
}

@article{Crosslinked2008,
  title = {Cross-Linked {{Polyvinyl Alcohol}} as a {{Binder}} for {{Gelcasting}} and {{Green Machining}}},
  author = {Chabert, France and Dunstan, David E. and Franks, George V.},
  year = {2008},
  volume = {91},
  pages = {3138--3146},
  issn = {1551-2916},
  doi = {10.1111/j.1551-2916.2008.02534.x},
  url = {https://ceramics.onlinelibrary.wiley.com/doi/abs/10.1111/j.1551-2916.2008.02534.x},
  urldate = {2019-12-18},
  copyright = {© 2008 The American Ceramic Society},
  journal = {Journal of the American Ceramic Society},
  language = {en},
  number = {10},
  itemID = 536
}

@article{Crosslinking1980,
  title = {Crosslinking of Polymers by the Effect of Ultraviolet Radiation {{Crosslinking}} of Polyvinyl Alcohol) in the Presence of Terephthalic Aldehyde},
  author = {Polavka, J and Uher, M and Lapcík, L and Čeppan, M and Valašek, J and HAVLlNOVÁ, B},
  year = {1980},
  pages = {8},
  journal = {Chem. zvesti},
  language = {en},
  itemID = 522
}
% == BibTeX quality report for Crosslinking1980:
% ? Possibly abbreviated journal title Chem. zvesti

@article{Crosslinking2010,
  title = {Crosslinking Reaction of Poly(Vinyl Alcohol) with Glyoxal},
  author = {Zhang, Yun and Zhu, Peter C. and Edgren, David},
  year = {2010},
  month = sep,
  volume = {17},
  pages = {725--730},
  issn = {1572-8935},
  doi = {10.1007/s10965-009-9362-z},
  url = {https://doi.org/10.1007/s10965-009-9362-z},
  urldate = {2019-12-20},
  journal = {Journal of Polymer Research},
  language = {en},
  number = {5},
  itemID = 558
}

@misc{DegassingMixingV2Secure,
  title = {Degassing-{{Mixing}}-{{V2}}-{{Secure}}.Pdf},
  itemID = 833
}
% == BibTeX quality report for DegassingMixingV2Secure:
% ? Title looks like it was stored in lower-case in Zotero

@article{Demystifying2008a,
  title = {Demystifying the Role of Sintering Additives with ‘‘Complexion’’},
  author = {Dillon, S. J. and Harmer, M. P.},
  year = {2008},
  volume = {28},
  pages = {1485--1493},
  publisher = {{Elsevier}},
  doi = {10.1016/j.jeurceramsoc.2007.12.018},
  journal = {Journal of the European Ceramic Society},
  number = {7},
  itemID = 1168
}

@misc{Dental,
  title = {Dental {{Alginate Application Guide}}},
  url = {https://www.kulzer.com/media/webmedia_local/downloads_new/further_products_2/xantalgin_3/Guideline_for_taking_perfect_Situation_Impressions_GB.pdf?utm_source=Flexitime0Tips6Tricks&utm_medium=print},
  urldate = {2019-12-20},
  itemID = 875
}
% == BibTeX quality report for Dental:
% ? Title looks like it was stored in title-case in Zotero

@article{Design2007,
  title = {Design and Control of a {{Nitinol}} Wire Actuated Rotary Servo},
  author = {Song, G},
  year = {2007},
  month = oct,
  volume = {16},
  pages = {1796--1801},
  issn = {0964-1726, 1361-665X},
  doi = {10/bc86g8},
  url = {http://stacks.iop.org/0964-1726/16/i=5/a=034?key=crossref.eca8e938cf35cd6b3476740ae8783190},
  urldate = {2020-03-10},
  journal = {Smart Materials and Structures},
  language = {en},
  number = {5},
  itemID = 1437
}

@article{Design2012,
  title = {Design and Calculation of Low Infrared Transmittance and Low Emissivity Coatings for Heat Radiative Applications},
  author = {Wang, Guang-hai and Zhang, Yue and Zhang, Da-hai and Fan, Jin-peng},
  year = {2012},
  month = feb,
  volume = {19},
  pages = {179--184},
  issn = {1674-4799, 1869-103X},
  doi = {10.1007/s12613-012-0535-0},
  url = {http://link.springer.com/10.1007/s12613-012-0535-0},
  urldate = {2019-10-29},
  journal = {International Journal of Minerals, Metallurgy, and Materials},
  language = {en},
  number = {2},
  itemID = 300
}

@article{Development1998,
  title = {Development of {{Low}}-{{Toxicity Gelcasting Systems}}},
  author = {Janney, Mark A. and Omatete, Ogbemi O. and Walls, Claudia A. and Nunn, Stephen D. and Ogle, Randy J. and Westmoreland, Gary},
  year = {1998},
  volume = {81},
  pages = {581--591},
  issn = {1551-2916},
  doi = {10.1111/j.1151-2916.1998.tb02377.x},
  url = {https://ceramics.onlinelibrary.wiley.com/doi/abs/10.1111/j.1151-2916.1998.tb02377.x},
  urldate = {2019-10-27},
  journal = {Journal of the American Ceramic Society},
  language = {en},
  number = {3},
  itemID = 281
}
% == BibTeX quality report for Development1998:
% ? Title looks like it was stored in title-case in Zotero

@article{Direct2019,
  title = {Direct {{Writing}} of {{Copper Micropatterns Using Near}}-{{Infrared Femtosecond Laser}}-{{Pulse}}-{{Induced Reduction}} of {{Glyoxylic Acid Copper Complex}}},
  author = {Mizoshiri, Mizue and Aoyama, Keiko and Uetsuki, Akira and Ohishi, Tomoji},
  year = {2019},
  month = jun,
  volume = {10},
  pages = {401},
  publisher = {{Multidisciplinary Digital Publishing Institute}},
  doi = {10.3390/mi10060401},
  url = {https://www.mdpi.com/2072-666X/10/6/401},
  urldate = {2020-03-31},
  copyright = {http://creativecommons.org/licenses/by/3.0/},
  journal = {Micromachines},
  language = {en},
  number = {6},
  itemID = 2235
}
% == BibTeX quality report for Direct2019:
% ? Title looks like it was stored in title-case in Zotero

@inproceedings{dissolution1996,
  title = {The Dissolution and Conversion of Gypsum and Anhydrite},
  author = {Klimchouk, Alexander},
  year = {1996},
  doi = {10.5038/1827-806x.25.3.2},
  itemID = 263
}
% == BibTeX quality report for dissolution1996:
% Missing required field 'booktitle'

@article{Drying2003,
  title = {Drying of Gelcast Ceramic Parts via the Liquid Desiccant Method},
  author = {Barati, Abolfazl and Kokabi, Mehrdad and Famili, Mohammad Hossein Navid},
  year = {2003},
  month = dec,
  volume = {23},
  pages = {2265--2272},
  issn = {0955-2219},
  doi = {10.1016/S0955-2219(03)00045-1},
  url = {http://www.sciencedirect.com/science/article/pii/S0955221903000451},
  urldate = {2020-03-24},
  journal = {Journal of the European Ceramic Society},
  language = {en},
  number = {13},
  itemID = 2173
}

@misc{Duramax,
  title = {Duramax {{D}}-3005},
  url = {https://nshosting.dow.com/doc-archive/business/pmat/duramax/duramax_d-3005/tds/duramax_d-3005.pdf},
  urldate = {2020-03-07},
  itemID = 1129
}
% == BibTeX quality report for Duramax:
% ? Title looks like it was stored in title-case in Zotero

@article{Effect1984,
  title = {Effect of {{Glass}}-{{Transition Temperature}} of {{Polyethylene Glycol}}-{{Plasticized Polyvinyl Alcohol}} on {{Granule Compaction}}},
  author = {Nies, C. W. and Messing, G. L.},
  year = {1984},
  volume = {67},
  pages = {301--304},
  issn = {1551-2916},
  doi = {10.1111/j.1151-2916.1984.tb18852.x},
  url = {https://ceramics.onlinelibrary.wiley.com/doi/abs/10.1111/j.1151-2916.1984.tb18852.x},
  urldate = {2019-12-18},
  journal = {Journal of the American Ceramic Society},
  language = {en},
  number = {4},
  itemID = 542
}
% == BibTeX quality report for Effect1984:
% ? Title looks like it was stored in title-case in Zotero

@article{effect2011,
  title = {The Effect of Drying Temperature on Mechanical Properties of Pig Skin Gelatin Films {{El}} Efecto de La Temperatura de Secado Sobre Las Propiedades Mecánicas de Películas de Gelatina de Cerdo},
  author = {{Aguirre-Alvarez}, G. and {Pimentel-González}, D. J. and {Campos-Montiel}, R. G. and Foster, T. and Hill, S. E.},
  year = {2011},
  month = sep,
  volume = {9},
  pages = {243--249},
  publisher = {{Taylor \& Francis}},
  issn = {1947-6337},
  doi = {10.1080/19476337.2010.523902},
  url = {https://doi.org/10.1080/19476337.2010.523902},
  urldate = {2020-03-24},
  annotation = {\_eprint: https://doi.org/10.1080/19476337.2010.523902},
  journal = {CyTA - Journal of Food},
  number = {3},
  itemID = 2151
}

@inproceedings{Effect2012a,
  title = {Effect of {{MgO}} Additive on Microstructure of {{Al2O3}}},
  booktitle = {Advanced {{Materials Research}}},
  author = {Harun, Z. and Ismail, N. F. and Badarulzaman, N. A.},
  year = {2012},
  volume = {488},
  pages = {335--339},
  itemID = 1202
}
% == BibTeX quality report for Effect2012a:
% ? Unsure about the formatting of the booktitle

@article{Effect2014,
  title = {Effect of {{Sintering Temperature}} on the {{Properties}} of {{Fused Silica Ceramics Prepared}} by {{Gelcasting}}},
  author = {Wan, Wei and Huang, Chun-e and Yang, Jian and Zeng, Jinzhen and Qiu, Tai},
  year = {2014},
  month = jul,
  volume = {43},
  pages = {2566--2572},
  issn = {0361-5235, 1543-186X},
  doi = {10.1007/s11664-014-3112-7},
  url = {http://link.springer.com/10.1007/s11664-014-3112-7},
  urldate = {2020-02-15},
  journal = {Journal of Electronic Materials},
  language = {en},
  number = {7},
  itemID = 973
}
% == BibTeX quality report for Effect2014:
% ? Title looks like it was stored in title-case in Zotero

@article{effect2014,
  title = {The Effect of Microwave Radiation on Polyvinyl Chloride-Graphite Thick Film Resistors},
  author = {Venkatasubrahmanayam, Kandagaddla and Ram Babu, Busi and Poornaiah, Billa and Srinivasa Rao, Yarravarapu},
  year = {2014},
  month = apr,
  volume = {31},
  pages = {99--103},
  issn = {1356-5362},
  doi = {10.1108/MI-09-2013-0041},
  url = {https://www.emerald.com/insight/content/doi/10.1108/MI-09-2013-0041/full/html},
  urldate = {2020-03-19},
  journal = {Microelectronics International},
  language = {en},
  number = {2},
  itemID = 2060
}

@article{Egg2001,
  title = {Egg {{White}} as an {{Environmentally Friendly Low}}-{{Cost Binder}} for {{Gelcasting}} of {{Ceramics}}},
  author = {Dhara, Santanu and Bhargava, Parag},
  year = {2001},
  month = dec,
  volume = {84},
  pages = {3048--3050},
  issn = {00027820, 15512916},
  doi = {10/cg28v7},
  url = {http://doi.wiley.com/10.1111/j.1151-2916.2001.tb01137.x},
  urldate = {2020-03-10},
  journal = {Journal of the American Ceramic Society},
  language = {en},
  number = {12},
  itemID = 1589
}
% == BibTeX quality report for Egg2001:
% ? Title looks like it was stored in title-case in Zotero

@article{Electrical2002,
  title = {Electrical Conductivity of Silicon Carbide Composites and Fibers},
  author = {Scholz, R. and {dos Santos Marques}, F. and Riccardi, B.},
  year = {2002},
  month = dec,
  volume = {307-311},
  pages = {1098--1101},
  issn = {00223115},
  doi = {10/cz55zv},
  url = {https://linkinghub.elsevier.com/retrieve/pii/S0022311502009509},
  urldate = {2020-03-10},
  journal = {Journal of Nuclear Materials},
  language = {en},
  itemID = 1553
}

@article{Electrically2010,
  title = {Electrically Conductive Alumina \& Carbon Nanocomposites Prepared by Spark Plasma Sintering},
  author = {Inam, F. and Yan, H. and Jayaseelan, D. D. and Peijs, T. and Reece, M. J.},
  year = {2010},
  volume = {30},
  pages = {153--157},
  publisher = {{Elsevier}},
  doi = {10.1016/j.jeurceramsoc.2009.05.045},
  journal = {Journal of the European Ceramic Society},
  number = {2},
  itemID = 1212
}

@article{Electrophoretic1997,
  title = {Electrophoretic Deposition of Aqueous Alumina Slips},
  author = {Ferrari, B. and Moreno, R.},
  year = {1997},
  month = feb,
  volume = {17},
  pages = {549--556},
  issn = {09552219},
  doi = {10/d9rd5p},
  url = {https://linkinghub.elsevier.com/retrieve/pii/S0955221996001136},
  urldate = {2020-03-10},
  journal = {Journal of the European Ceramic Society},
  language = {en},
  number = {4},
  itemID = 1620
}

@article{Emittance,
  title = {Emittance and Absorptance of {{NASA}} Ceramic Thermal Barrier Coating System},
  author = {Lieben, Curt H},
  pages = {32},
  language = {en},
  itemID = 302
}
% == BibTeX quality report for Emittance:
% Missing required field 'journal'
% Missing required field 'year'

@misc{ENERGY,
  title = {{{ENERGY CONSERVATION THROUGH INCREASED EMISSIVITY IN FURNACES}}},
  itemID = 879
}
% == BibTeX quality report for ENERGY:
% ? Title looks like it was stored in title-case in Zotero

@misc{Energy,
  title = {Energy Bands},
  url = {http://ecee.colorado.edu/~bart/book/book/chapter2/ch2_3.htm},
  urldate = {2020-03-12},
  itemID = 1685
}

@article{ENERGY1991,
  title = {{{ENERGY CONSERVATION THROUGH INCREASED EMISSIVITY IN FURNACES}}},
  author = {Benkő, I.},
  year = {1991},
  volume = {35},
  pages = {235--245},
  issn = {1587-379X},
  doi = {N/A},
  url = {https://pp.bme.hu/me/article/view/5600},
  urldate = {2019-10-29},
  journal = {Periodica Polytechnica Mechanical Engineering},
  language = {en-US},
  number = {4},
  itemID = 294
}
% == BibTeX quality report for ENERGY1991:
% ? Title looks like it was stored in title-case in Zotero

@article{EVALUATION1965,
  title = {{{EVALUATION OF BINDERS FOR MACHINABLE UNFIRED CERAMICS}}},
  author = {Teter, A.R.},
  year = {1965},
  month = dec,
  pages = {RFP-659, 4588054},
  doi = {10.2172/4588054},
  url = {http://www.osti.gov/servlets/purl/4588054/},
  urldate = {2020-03-10},
  language = {en},
  itemID = 1425
}
% == BibTeX quality report for EVALUATION1965:
% Missing required field 'journal'
% ? Title looks like it was stored in title-case in Zotero

@article{Evolution2003,
  title = {Evolution of Porosity by Freeze Casting and Sintering of Sol-Gel Derived Ceramics},
  author = {Koch, D. and Andresen, L. and Schmedders, T. and Grathwohl, G.},
  year = {2003},
  volume = {26},
  pages = {149--152},
  publisher = {{Springer}},
  doi = {10.1023/A:1020718225164},
  journal = {Journal of sol-gel science and technology},
  number = {1-3},
  itemID = 1226
}

@article{Evolution2004,
  title = {Evolution and Application of the {{Kyropoulos}} Crystal Growth Method},
  author = {Bliss, D. F.},
  year = {2004},
  pages = {29},
  journal = {50 years Progress in Crystal Growth},
  itemID = 1145
}

@article{Fabrication2003,
  title = {Fabrication of Alumina Green Body through Gelcasting Process Using Alginate},
  author = {Jia, Yu and Kanno, Yoshinori and Xie, Zhi-Peng},
  year = {2003},
  month = may,
  volume = {57},
  pages = {2530--2534},
  issn = {0167577X},
  doi = {10/bkf4fb},
  url = {https://linkinghub.elsevier.com/retrieve/pii/S0167577X0201306X},
  urldate = {2020-03-10},
  journal = {Materials Letters},
  language = {en},
  number = {16-17},
  itemID = 1463
}

@article{Fabrication2014,
  title = {Fabrication of Transparent {{Y2O3}} Ceramics via Aqueous Gelcasting},
  author = {Sun, Yi and Shimai, Shunzo and Peng, Xiang and Zhou, Guohong and Kamiya, Hidehiro and Wang, Shiwei},
  year = {2014},
  month = jul,
  volume = {40},
  pages = {8841--8845},
  issn = {02728842},
  doi = {10.1016/j.ceramint.2014.01.106},
  url = {https://linkinghub.elsevier.com/retrieve/pii/S0272884214001333},
  urldate = {2020-02-15},
  journal = {Ceramics International},
  language = {en},
  number = {6},
  itemID = 971
}

@inproceedings{Fabrication2016,
  title = {Fabrication of {{High Thermal Conductivity NARloy}}-{{Z}}-{{Diamond Composite Combustion Chamber Liner}} for {{Advanced Rocket Engines}}},
  booktitle = {57th {{AIAA}}/{{ASCE}}/{{AHS}}/{{ASC Structures}}, {{Structural Dynamics}}, and {{Materials Conference}}},
  author = {Bhat, Biliyar N. and Greene, Sandra and Singh, Jogender},
  year = {2016},
  month = jan,
  publisher = {{American Institute of Aeronautics and Astronautics}},
  address = {{San Diego, California, USA}},
  doi = {10/ggnn2s},
  url = {http://arc.aiaa.org/doi/10.2514/6.2016-1416},
  urldate = {2020-03-10},
  isbn = {978-1-62410-392-6},
  language = {en},
  itemID = 1467
}
% == BibTeX quality report for Fabrication2016:
% ? Unsure about the formatting of the booktitle
% ? Title looks like it was stored in title-case in Zotero

@article{FieldAssisted1979,
  title = {Field-{{Assisted Bonding}} of {{Beta}}-{{Alumina}} to {{Metals}}},
  author = {Dunn, Bruce},
  year = {1979},
  month = nov,
  volume = {62},
  pages = {545--547},
  issn = {0002-7820, 1551-2916},
  doi = {10/bp8pbf},
  url = {http://doi.wiley.com/10.1111/j.1151-2916.1979.tb12726.x},
  urldate = {2020-03-10},
  journal = {Journal of the American Ceramic Society},
  language = {en},
  number = {11-12},
  itemID = 1381
}
% == BibTeX quality report for FieldAssisted1979:
% ? Title looks like it was stored in title-case in Zotero

@article{Fieldassisted2014,
  title = {Field-Assisted Sintering Technology/Spark Plasma Sintering: Mechanisms, Materials, and Technology Developments},
  author = {Guillon, O. and {Gonzalez-Julian}, J. and Dargatz, B. and Kessel, T. and Schierning, G. and RÃ?thel, J. and Herrmann, M.},
  year = {2014},
  volume = {16},
  pages = {830--849},
  publisher = {{Wiley Online Library}},
  doi = {10.1002/adem.201300409},
  journal = {Advanced Engineering Materials},
  number = {7},
  itemID = 1195
}

@misc{Fig,
  title = {Fig. 1. {{Tensile}} Strength of {{PVA}} Fiber at Various Temperatures [9].},
  url = {https://www.researchgate.net/figure/Tensile-strength-of-PVA-fiber-at-various-temperatures-9_fig1_317622528},
  urldate = {2019-12-15},
  journal = {ResearchGate},
  language = {en},
  itemID = 491
}

@misc{Fire,
  title = {Fire {{Ratings Of Engineering Plastics}} - {{About Plastics}}},
  url = {https://www.directplastics.co.uk/about_plastics/post/fire-ratings-of-engineering-plastics},
  urldate = {2019-10-31},
  itemID = 322
}
% == BibTeX quality report for Fire:
% ? Title looks like it was stored in title-case in Zotero

@article{Freeze2001,
  title = {Freeze {{Casting}} of {{Aqueous Alumina Slurries}} with {{Glycerol}}},
  author = {Sofie, Stephen W. and Dogan, Fatih},
  year = {2001},
  volume = {84},
  pages = {1459--1464},
  issn = {1551-2916},
  doi = {10.1111/j.1151-2916.2001.tb00860.x},
  url = {https://ceramics.onlinelibrary.wiley.com/doi/abs/10.1111/j.1151-2916.2001.tb00860.x},
  urldate = {2020-03-24},
  annotation = {\_eprint: https://ceramics.onlinelibrary.wiley.com/doi/pdf/10.1111/j.1151-2916.2001.tb00860.x},
  journal = {Journal of the American Ceramic Society},
  language = {en},
  number = {7},
  itemID = 2160
}
% == BibTeX quality report for Freeze2001:
% ? Title looks like it was stored in title-case in Zotero

@inproceedings{FREEZEFORM2006,
  title = {{{FREEZE}}-{{FORM EXTRUSION FABRICATION OF ALUMINA COMPONENTS USING AQUEOUS PASTE}} ({{PREPRINT}})},
  author = {Huang, Tieshu and Mason, Michael S. and Hilmas, Gregory E. and Leu, Ming C.},
  year = {2006},
  itemID = 272
}
% == BibTeX quality report for FREEZEFORM2006:
% Missing required field 'booktitle'
% ? Title looks like it was stored in title-case in Zotero

@article{Functional2016,
  title = {Functional {{Properties}} of {{Glutinous Rice Flour}} by {{Dry}}-{{Heat Treatment}}},
  author = {Qin, Yang and Liu, Chengzhen and Jiang, Suisui and Cao, Jinmiao and Xiong, Liu and Sun, Qingjie},
  year = {2016},
  month = aug,
  volume = {11},
  issn = {1932-6203},
  doi = {10.1371/journal.pone.0160371},
  url = {https://www.ncbi.nlm.nih.gov/pmc/articles/PMC4990194/},
  urldate = {2020-03-26},
  journal = {PLoS ONE},
  number = {8},
  pmcid = {PMC4990194},
  pmid = {27537844},
  itemID = 2205
}
% == BibTeX quality report for Functional2016:
% ? Title looks like it was stored in title-case in Zotero

@misc{Gelatin,
  title = {Gelatin Datasheet},
  url = {https://us.vwr.com/assetsvc/asset/en_US/id/17976164/contents},
  urldate = {2019-10-29},
  itemID = 335
}

@article{Gelatin2003,
  title = {Gelatin Gelcasting of Ceramic Components},
  author = {Vandeperre, L.J and De Wilde, A.M and Luyten, J},
  year = {2003},
  month = apr,
  volume = {135},
  pages = {312--316},
  issn = {09240136},
  doi = {10.1016/S0924-0136(02)00862-2},
  url = {https://linkinghub.elsevier.com/retrieve/pii/S0924013602008622},
  urldate = {2020-03-24},
  journal = {Journal of Materials Processing Technology},
  language = {en},
  number = {2-3},
  itemID = 2154
}

@inproceedings{Gelatin2012,
  title = {Gelatin {{Manufacturers Institute}} of {{America Members}} as of {{January}} 2012},
  author = {HANDBOOK, GELATIN},
  year = {2012},
  itemID = 307
}
% == BibTeX quality report for Gelatin2012:
% Missing required field 'booktitle'
% ? Title looks like it was stored in title-case in Zotero

@book{Gelatine2007,
  title = {Gelatine {{Handbook}}: {{Theory}} and {{Industrial Practice}}},
  shorttitle = {Gelatine {{Handbook}}},
  author = {Schrieber, Reinhard and Gareis, Herbert},
  year = {2007},
  month = feb,
  edition = {First},
  publisher = {{Wiley}},
  doi = {10.1002/9783527610969},
  url = {https://onlinelibrary.wiley.com/doi/book/10.1002/9783527610969},
  urldate = {2020-01-06},
  isbn = {978-3-527-31548-2 978-3-527-61096-9},
  language = {en},
  itemID = 652
}
% == BibTeX quality report for Gelatine2007:
% ? Title looks like it was stored in title-case in Zotero

@misc{Gelcasting,
  title = {Gelcasting: {{From}} Laboratory Development To},
  url = {https://www.osti.gov/servlets/purl/86933},
  urldate = {2020-01-22},
  itemID = 872
}

@article{Gelcasting1991,
  title = {Gelcasting of {{Alumina}}},
  author = {Young, Albert C. and Omatete, Ogbemi O. and Janney, Mark A. and Menchhofer, Paul A.},
  year = {1991},
  volume = {74},
  pages = {612--618},
  issn = {1551-2916},
  doi = {10.1111/j.1151-2916.1991.tb04068.x},
  url = {https://ceramics.onlinelibrary.wiley.com/doi/abs/10.1111/j.1151-2916.1991.tb04068.x},
  urldate = {2020-01-22},
  journal = {Journal of the American Ceramic Society},
  language = {en},
  number = {3},
  itemID = 865
}
% == BibTeX quality report for Gelcasting1991:
% ? Title looks like it was stored in title-case in Zotero

@techreport{Gelcasting1995,
  title = {Gelcasting: From Laboratory Development toward Industrial Production},
  author = {Omatete, Ogbemi O and Janney, Mark A and Nunn, Stephen D},
  year = {1995},
  institution = {{Oak Ridge National Lab., TN (United States)}},
  itemID = 873
}

@article{Gelcasting2006,
  title = {Gelcasting of {{Zirconia Using Agarose}}},
  author = {Adolfsson, Erik},
  year = {2006},
  month = jun,
  volume = {89},
  pages = {1897--1902},
  issn = {0002-7820, 1551-2916},
  doi = {10.1111/j.1551-2916.2006.01040.x},
  url = {http://doi.wiley.com/10.1111/j.1551-2916.2006.01040.x},
  urldate = {2019-11-13},
  journal = {Journal of the American Ceramic Society},
  language = {en},
  number = {6},
  itemID = 410
}
% == BibTeX quality report for Gelcasting2006:
% ? Title looks like it was stored in title-case in Zotero

@article{Gelcasting2009,
  title = {Gelcasting of Alumina Suspensions Containing Nanoparticles with Glycerol Monoacrylate},
  author = {Tallon, Carolina and Jach, Dariusz and Moreno, Rodrigo and Nieto, M. Isabel and Rokicki, Gabriel and Szafran, Mikolaj},
  year = {2009},
  month = mar,
  volume = {29},
  pages = {875--880},
  issn = {09552219},
  doi = {10.1016/j.jeurceramsoc.2008.07.014},
  url = {https://linkinghub.elsevier.com/retrieve/pii/S0955221908003798},
  urldate = {2020-02-15},
  journal = {Journal of the European Ceramic Society},
  language = {en},
  number = {5},
  itemID = 974
}

@article{Gelcasting2009a,
  title = {Gelcasting of Alumina Nanopowders Based on Gelation of Sodium Alginate},
  author = {Akhondi, H. and {Taheri-Nassaj}, E. and Sarpoolaky, H. and {Taavoni-Gilan}, A.},
  year = {2009},
  month = apr,
  volume = {35},
  pages = {1033--1037},
  issn = {02728842},
  doi = {10/b73ztv},
  url = {https://linkinghub.elsevier.com/retrieve/pii/S0272884208001909},
  urldate = {2020-03-10},
  journal = {Ceramics International},
  language = {en},
  number = {3},
  itemID = 1517
}

@article{GelFree2003,
  title = {Gel-{{Free Process}} of {{Saponification}} of {{Polyvinyl Acetate}} in {{Water}}–{{Alcohol Media}}},
  author = {Boiko, V. V. and Kuznetsov, A. A. and Semenova, G. K. and Tsar'kova, M. S. and Krasovskii, V. G. and Ozerin, A. N.},
  year = {2003},
  month = nov,
  volume = {30},
  pages = {72--76},
  issn = {0307-174X, 1478-2405},
  doi = {10.1177/0307174X0303001120},
  url = {http://journals.sagepub.com/doi/10.1177/0307174X0303001120},
  urldate = {2019-12-18},
  journal = {International Polymer Science and Technology},
  language = {en},
  number = {11},
  itemID = 546
}
% == BibTeX quality report for GelFree2003:
% ? Title looks like it was stored in title-case in Zotero

@article{Gelling2008,
  title = {Gelling {{Behavior}} of {{Rice Flour Dispersions}} at {{Different Concentrations}} of {{Solids}} and {{Time}} of {{Heating}}},
  author = {Kapri, Alka and Bhattacharya, Suvendu},
  year = {2008},
  volume = {39},
  pages = {231--251},
  issn = {1745-4603},
  doi = {10.1111/j.1745-4603.2008.00140.x},
  url = {https://onlinelibrary.wiley.com/doi/abs/10.1111/j.1745-4603.2008.00140.x},
  urldate = {2020-03-24},
  annotation = {\_eprint: https://onlinelibrary.wiley.com/doi/pdf/10.1111/j.1745-4603.2008.00140.x},
  copyright = {© 2008, The Author(s). Journal compilation © 2008, Blackwell Publishing},
  journal = {Journal of Texture Studies},
  language = {en},
  number = {3},
  itemID = 2166
}
% == BibTeX quality report for Gelling2008:
% ? Title looks like it was stored in title-case in Zotero

@patent{Glassceramic1975,
  title = {Glass-Ceramic Articles with Reflective Surfaces},
  author = {Andrus, Ronald L. and Reade, Richard F.},
  year = {1975},
  month = dec,
  url = {https://patents.google.com/patent/US3926602A/en},
  urldate = {2019-10-29},
  assignee = {Corning Inc},
  nationality = {US},
  number = {US3926602A},
  itemID = 288
}
% == BibTeX quality report for Glassceramic1975:
% I don't know how to quality-check patent references

@article{Glasstometal2019,
  title = {Glass-to-Metal Seal},
  year = {2019},
  month = dec,
  url = {https://en.wikipedia.org/w/index.php?title=Glass-to-metal_seal&oldid=931117448},
  urldate = {2020-02-15},
  annotation = {Page Version ID: 931117448},
  copyright = {Creative Commons Attribution-ShareAlike License},
  journal = {Wikipedia},
  language = {en},
  itemID = 976
}
% == BibTeX quality report for Glasstometal2019:
% Missing required field 'author'

@book{Green,
  title = {Green Electrospinning and Crosslinking of Polyvinyl Alcohol / Citric Acid},
  author = {Shi, Jingjing and Yang, Enlong},
  itemID = 946
}
% == BibTeX quality report for Green:
% Missing required field 'publisher'
% Missing required field 'year'

@article{Green2020,
  title = {Green Gelcasting of {{CaCu3Ti4O12}} Ceramics},
  author = {Wan, Wei and Tang, Wenhua and Tao, Meizhen and Cao, Hailin and Luo, Junrong and Yuan, Wen-xiang and Qiu, Tai},
  year = {2020},
  month = apr,
  volume = {31},
  pages = {5360--5367},
  issn = {1573-482X},
  doi = {10.1007/s10854-020-03096-1},
  url = {https://doi.org/10.1007/s10854-020-03096-1},
  urldate = {2020-03-26},
  journal = {Journal of Materials Science: Materials in Electronics},
  language = {en},
  number = {7},
  itemID = 2208
}

@article{HEAT,
  title = {{{HEAT TRANSFER IN HIGH}}-{{TEMPERATURE MULTILAYER INSULATION}}},
  author = {Daryabeigi, Kamran and Miller, Stephen D and Cunnington, George R},
  pages = {8},
  language = {en},
  itemID = 504
}
% == BibTeX quality report for HEAT:
% Missing required field 'journal'
% Missing required field 'year'
% ? Title looks like it was stored in title-case in Zotero

@article{Heat,
  title = {Heat Transfer in {{OpenFOAM}}},
  author = {Turnow, Dr Johann},
  pages = {81},
  language = {en},
  itemID = 2246
}
% == BibTeX quality report for Heat:
% Missing required field 'journal'
% Missing required field 'year'

@article{HighPerformance2017,
  title = {High-{{Performance Heating Igniters}}},
  author = {Inc, CoorsTek},
  year = {2017},
  itemID = 1159
}
% == BibTeX quality report for HighPerformance2017:
% Missing required field 'journal'
% ? Title looks like it was stored in title-case in Zotero

@misc{HOT,
  title = {{{HOT SURFACE FURNACE IGNITOR}}},
  author = {{Robertshaw}},
  itemID = 834
}
% == BibTeX quality report for HOT:
% ? Title looks like it was stored in title-case in Zotero

@article{HYDRATION,
  title = {{{THE HYDRATION OF MAGNESIUM OXIDE WITH DIFFERENT REACTIVITIES BY WATER AND MAGNESIUM ACETATE}}},
  author = {Aphane, Mathibela Elias},
  pages = {160},
  language = {en},
  itemID = 511
}
% == BibTeX quality report for HYDRATION:
% Missing required field 'journal'
% Missing required field 'year'
% ? Title looks like it was stored in title-case in Zotero

@article{Hydrogels2014,
  title = {Hydrogels, {{Cross}} Linking, {{Gel}}, {{Polymer}}},
  year = {2014},
  pages = {7},
  journal = {American Journal of Polymer Science},
  language = {en},
  itemID = 951
}
% == BibTeX quality report for Hydrogels2014:
% Missing required field 'author'

@article{Implementation,
  title = {Implementation of a {{Single}}-{{Phase Electronic Watt}}-{{Hour Meter Using}} the {{MSP430AFE2xx}}},
  itemID = 474
}
% == BibTeX quality report for Implementation:
% Missing required field 'author'
% Missing required field 'journal'
% Missing required field 'year'
% ? Title looks like it was stored in title-case in Zotero

@article{influence2004,
  ids = {lazicInfluenceDepositionParameters2004},
  title = {The Influence of the Deposition Parameters on the Porosity of Thin Alumina Films on Steel},
  author = {Lazic, Marija and Simovic, Kornelija and {Miskovic-Stankovic}, Vesna and Jovanic, Predrag and Kicevic, Dusan},
  year = {2004},
  volume = {69},
  pages = {239--249},
  issn = {0352-5139},
  doi = {10.2298/JSC0403239L},
  url = {http://www.doiserbia.nb.rs/Article.aspx?ID=0352-51390403239L},
  urldate = {2020-06-22},
  journal = {Journal of the Serbian Chemical Society},
  language = {en},
  number = {3},
  itemID = 3157
}

@article{Influences2008,
  title = {Influences of the Crystallisation Rate on Thermal and Barrier Properties of Polylactide Acid ({{PLA}}) Food Packaging Films},
  author = {Colomines, G. and Domenek, S. and Ducruet, V. and Guinault, A.},
  year = {2008},
  month = apr,
  volume = {1},
  pages = {607--610},
  issn = {1960-6206, 1960-6214},
  doi = {10.1007/s12289-008-0329-0},
  url = {http://link.springer.com/10.1007/s12289-008-0329-0},
  urldate = {2019-11-01},
  journal = {International Journal of Material Forming},
  language = {en},
  number = {S1},
  itemID = 331
}

@article{InSitu2018,
  title = {In-{{Situ UV}}-{{Photopolymerized PVA}}-g-{{GMA Hydrogels}} for {{Biomedical Applications}}: {{I}}. {{Synthesis}}, {{Characterizations}} and {{Grafting Optimization}}},
  author = {Kamoun, E. A. and Omer, A. M. and Khattab, S. N. and Ahmed, H. M. and Elbardan, A. A.},
  year = {2018},
  volume = {8},
  pages = {034--042},
  journal = {Journal of Applied Pharmaceutical Science},
  number = {01},
  itemID = 1221
}
% == BibTeX quality report for InSitu2018:
% ? Title looks like it was stored in title-case in Zotero

@article{it2009,
  title = {Is It Possible to Braze Ceramics?},
  author = {Consultants, P. M. Roberts/Delphi Brazing},
  year = {2009},
  itemID = 1249
}
% == BibTeX quality report for it2009:
% Missing required field 'journal'

@article{ita,
  ids = {it},
  title = {Is It Possible to Braze Ceramics?},
  pages = {6},
  language = {en},
  itemID = 99
}
% == BibTeX quality report for ita:
% Missing required field 'author'
% Missing required field 'journal'
% Missing required field 'year'

@misc{Lattice,
  title = {Lattice {{Energy Calculator}} ({{Semester}} 2 {{Study Vacation}})},
  url = {https://scilearn.sydney.edu.au/fychemistry/calculators/lattice_energy.shtml},
  urldate = {2019-11-13},
  itemID = 414
}
% == BibTeX quality report for Lattice:
% ? Title looks like it was stored in title-case in Zotero

@article{LTCC,
  title = {{{LTCC Thick Film Process Characterization}}},
  itemID = 1134
}
% == BibTeX quality report for LTCC:
% Missing required field 'author'
% Missing required field 'journal'
% Missing required field 'year'
% ? Title looks like it was stored in title-case in Zotero

@misc{MakerBot,
  title = {{{MakerBot}}\_{{R}}\_\_{{PLA}}\_and\_{{ABS}}\_{{Strength}}\_{{Data}}.Pdf},
  url = {https://downloads.makerbot.com/legal/MakerBot_R__PLA_and_ABS_Strength_Data.pdf},
  urldate = {2019-10-27},
  itemID = 877
}
% == BibTeX quality report for MakerBot:
% ? Title looks like it was stored in lower-case in Zotero

@article{mazelsky1974multipurpose,
  title = {Multipurpose Electric Furnace System.[for Use in {{Apollo}}-{{Soyuz Test Program}}]},
  author = {Mazelsky, R and Duncan, CS and Seidensticker, RG and Johnson, RA and Mchugh, JP and Foust, HC and Piotrowski, PA},
  year = {1974},
  url = {https://ntrs.nasa.gov/api/citations/19760003136/downloads/19760003136.pdf},
  itemID = 7120
}
% == BibTeX quality report for mazelsky1974multipurpose:
% Missing required field 'journal'

@article{Mechanical,
  title = {Mechanical Properties and Transition Temperatures of Cross-Linked Oriented Gelatin},
  pages = {8},
  language = {en},
  itemID = 287
}
% == BibTeX quality report for Mechanical:
% Missing required field 'author'
% Missing required field 'journal'
% Missing required field 'year'

@article{Metal1938,
  title = {Metal {{Fume Fever}} and {{Its Prevention}}},
  author = {Sayers, R. R.},
  year = {1938},
  volume = {53},
  pages = {1080--1086},
  issn = {0094-6214},
  doi = {10.2307/4582584},
  url = {www.jstor.org/stable/4582584},
  urldate = {2019-11-18},
  journal = {Public Health Reports (1896-1970)},
  number = {26},
  itemID = 422
}
% == BibTeX quality report for Metal1938:
% ? Title looks like it was stored in title-case in Zotero

@patent{Method1991,
  title = {Method for Molding Ceramic Powders Using a Water-Based Gel Casting},
  author = {Janney, Mark A. and Omatete, Ogbemi O.},
  year = {1991},
  month = jul,
  url = {https://patents.google.com/patent/US5028362A/en},
  urldate = {2020-02-13},
  assignee = {Lockheed Martin Energy Systems Inc},
  nationality = {US},
  number = {US5028362A},
  itemID = 944
}
% == BibTeX quality report for Method1991:
% I don't know how to quality-check patent references

@article{MgO2019,
  title = {{{MgO Refractory Doped}} with {{ZrO2 Nanoparticles}}: {{Influence}} of {{Cold Isostatic}} and {{Uniaxial Pressing}} and {{Sintering Temperature}} in the {{Physical}} and {{Chemical Properties}}},
  shorttitle = {{{MgO Refractory Doped}} with {{ZrO2 Nanoparticles}}},
  author = {{Gómez-Rodríguez}, Cristian and {Fernández-González}, Daniel and {García-Quiñonez}, Linda Viviana and {Castillo-Rodríguez}, Guadalupe Alan and {Aguilar-Martínez}, Josué Amilcar and Verdeja, Luis Felipe},
  year = {2019},
  month = dec,
  volume = {9},
  pages = {1297},
  publisher = {{Multidisciplinary Digital Publishing Institute}},
  doi = {10.3390/met9121297},
  url = {https://www.mdpi.com/2075-4701/9/12/1297},
  urldate = {2020-03-11},
  copyright = {http://creativecommons.org/licenses/by/3.0/},
  journal = {Metals},
  language = {en},
  number = {12},
  itemID = 1673
}
% == BibTeX quality report for MgO2019:
% ? Title looks like it was stored in title-case in Zotero

@inproceedings{Microwave1988,
  title = {Microwave Sintering of Ceramics},
  booktitle = {1988., {{IEEE MTT}}-{{S International Microwave Symposium Digest}}},
  author = {Brodwin, M.E. and Johnson, D.L.},
  year = {1988},
  month = may,
  pages = {287-288 vol.1},
  doi = {10.1109/MWSYM.1988.22032},
  itemID = 2280
}
% == BibTeX quality report for Microwave1988:
% ? Unsure about the formatting of the booktitle

@misc{Microwavea,
  title = {Microwave Sintering of Transparent Alumina},
  url = {https://www.mri.psu.edu/sites/default/files/file_attach/068.pdf},
  urldate = {2019-10-29},
  itemID = 292
}

@inproceedings{NDE2009,
  title = {{{NDE}} for Characterizing Oxidation Damage in Reinforced Carbon-Carbon Used on the {{NASA}} Space Shuttle Thermal Protection System},
  booktitle = {Mechanical {{Properties}} and {{Performance}} of {{Engineering Ceramics}} and {{Composites}}: {{A Collection}} of {{Papers Presented}} at the 29th {{International Conference}} on {{Advanced Ceramics}} and {{Composites}}, {{Jan}} 23-28, 2005, {{Cocoa Beach}}, {{FL}}},
  author = {Wincheski, R. W. R. and Burns, E. A. and McQuater, M. S.},
  year = {2009},
  volume = {286},
  pages = {133},
  itemID = 1290
}

@misc{New,
  title = {New Electroless Copper Plating Bath Using Sodium Hypophosphite as Reductant: {{Surface Engineering}}: {{Vol}} 28, {{No}} 5},
  url = {https://www.tandfonline.com/doi/abs/10.1179/1743294411Y.0000000049?journalCode=ysue20},
  urldate = {2020-05-15},
  itemID = 2774
}

@article{new2001,
  title = {A New Gel Casting of Ceramics by Reaction of Sodium Alginate and Calcium Iodate at Increased Temperatures},
  author = {Xie, Z-P and Huang, Y. and Chen, Y-L and Jia, Y.},
  year = {2001},
  volume = {20},
  pages = {1255--1257},
  publisher = {{Springer}},
  doi = {10.1023/A:1010943427450},
  journal = {Journal of materials science letters},
  number = {13},
  itemID = 1291
}

@article{New2006,
  title = {New {{Polymeric Binders}} in {{Ceramic Processing}}},
  author = {Szafran, Mikolaj and Rokicki, Gabriel},
  year = {2006},
  month = oct,
  volume = {45},
  pages = {453--461},
  issn = {1662-0356},
  doi = {10.4028/www.scientific.net/AST.45.453},
  url = {https://www.scientific.net/AST.45.453},
  urldate = {2020-03-10},
  journal = {Advances in Science and Technology},
  language = {en},
  itemID = 1627
}
% == BibTeX quality report for New2006:
% ? Title looks like it was stored in title-case in Zotero

@article{Newa,
  title = {New Crosslinked Cast Films Based on Poly(Vinyl Alcohol): {{Preparation}} and Physico-Chemical Properties},
  itemID = 518
}
% == BibTeX quality report for Newa:
% Missing required field 'author'
% Missing required field 'journal'
% Missing required field 'year'

@article{Nonvacuum2013,
  title = {Nonvacuum, {{Maskless Fabrication}} of a {{Flexible Metal Grid Transparent Conductor}} by {{Low}}-{{Temperature Selective Laser Sintering}} of {{Nanoparticle Ink}}},
  author = {Hong, Sukjoon and Yeo, Junyeob and Kim, Gunho and Kim, Dongkyu and Lee, Habeom and Kwon, Jinhyeong and Lee, Hyungman and Lee, Phillip and Ko, Seung Hwan},
  year = {2013},
  month = jun,
  volume = {7},
  pages = {5024--5031},
  issn = {1936-0851, 1936-086X},
  doi = {10.1021/nn400432z},
  url = {https://pubs.acs.org/doi/10.1021/nn400432z},
  urldate = {2020-04-01},
  journal = {ACS Nano},
  language = {en},
  number = {6},
  itemID = 2251
}
% == BibTeX quality report for Nonvacuum2013:
% ? Title looks like it was stored in title-case in Zotero

@article{Novel,
  title = {A {{Novel Polymer Matrix Capable}} of {{Crosslinking}} and {{Decrosslinking Upon Thermal Irradiation}}},
  author = {Wu, Ti and Na, Yang and Pu, Jia-Ling},
  pages = {4},
  language = {en},
  itemID = 267
}
% == BibTeX quality report for Novel:
% Missing required field 'journal'
% Missing required field 'year'
% ? Title looks like it was stored in title-case in Zotero

@article{novel2000,
  title = {A Novel Casting Forming for Ceramics by Gelatine and Enzyme Catalysis},
  author = {Xie, Zhi-Peng and Chen, Ya-Li and Huang, Yong},
  year = {2000},
  month = mar,
  volume = {20},
  pages = {253--257},
  issn = {0955-2219},
  doi = {10.1016/S0955-2219(99)00089-8},
  url = {http://www.sciencedirect.com/science/article/pii/S0955221999000898},
  urldate = {2020-03-24},
  journal = {Journal of the European Ceramic Society},
  language = {en},
  number = {3},
  itemID = 2158
}

@article{Optical2005,
  title = {Optical and Acoustic Properties at 1064 Nm of Polyvinyl Chloride-Plastisol for Use as a Tissue Phantom in Biomedical Optoacoustics},
  author = {Spirou, Gloria M and Oraevsky, Alexander A and Vitkin, I Alex and Whelan, William M},
  year = {2005},
  month = jul,
  volume = {50},
  pages = {N141-N153},
  issn = {0031-9155, 1361-6560},
  doi = {10/frw7p7},
  url = {http://stacks.iop.org/0031-9155/50/i=14/a=N01?key=crossref.c582392861323ebdbe1f383782f6a4bb},
  urldate = {2020-03-10},
  journal = {Physics in Medicine and Biology},
  language = {en},
  number = {14},
  itemID = 1515
}

@article{Oxidation1991,
  title = {Oxidation and Reduction of Copper Oxide Thin Films},
  author = {Li, Jian and Vizkelethy, G. and Revesz, P. and Mayer, J. W. and Tu, K. N.},
  year = {1991},
  month = jan,
  volume = {69},
  pages = {1020--1029},
  issn = {0021-8979, 1089-7550},
  doi = {10.1063/1.347417},
  url = {http://aip.scitation.org/doi/10.1063/1.347417},
  urldate = {2020-03-31},
  journal = {Journal of Applied Physics},
  language = {en},
  number = {2},
  itemID = 2241
}

@article{Oxidation2008,
  title = {Oxidation through Coating Cracks of {{SiC}}-Protected Carbon/Carbon},
  author = {Jacobson, Nathan S. and Roth, Don J. and Rauser, Richard W. and Cawley, James D. and Curry, Donald M.},
  year = {2008},
  month = nov,
  volume = {203},
  pages = {372--383},
  issn = {02578972},
  doi = {10/b24jw5},
  url = {https://linkinghub.elsevier.com/retrieve/pii/S0257897208008475},
  urldate = {2020-03-10},
  journal = {Surface and Coatings Technology},
  language = {en},
  number = {3-4},
  itemID = 1592
}

@article{Oxidation2017,
  title = {Oxidation Mechanism of Aluminum Nitride Revisited},
  author = {Yeh, Chun-Ting and Tuan, Wei-Hsing},
  year = {2017},
  month = mar,
  volume = {6},
  pages = {27--32},
  issn = {2226-4108, 2227-8508},
  doi = {10.1007/s40145-016-0213-1},
  url = {http://link.springer.com/10.1007/s40145-016-0213-1},
  urldate = {2019-11-12},
  journal = {Journal of Advanced Ceramics},
  language = {en},
  number = {1},
  itemID = 403
}

@article{Passivated2014,
  title = {Passivated {{Busbars}} from {{Screen}}-Printed {{Low}}-Temperature {{Copper Paste}}},
  author = {Wood, Don and {Kuzma-Filipek}, Izabela and Russell, Richard and Duerinckx, Filip and Powell, Nick and Zambova, Adriana and Chislea, Brian and Chevalier, Pierre and Boulord, Caroline and Beucher, Alexandre and Zeghers, Nicolas and Deng, WeiWei and Feng, Zhiqiang and Verlinden, Pierre and Szlufcik, Jozef and Beaucarne, Guy},
  year = {2014},
  volume = {55},
  pages = {724--732},
  issn = {18766102},
  doi = {10.1016/j.egypro.2014.08.052},
  url = {https://linkinghub.elsevier.com/retrieve/pii/S1876610214012764},
  urldate = {2020-04-01},
  journal = {Energy Procedia},
  language = {en},
  itemID = 2250
}

@article{Photoactivated2014,
  title = {Photo-Activated Ionic Gelation of Alginate Hydrogel: Real-Time Rheological Monitoring of the Two-Step Crosslinking Mechanism},
  shorttitle = {Photo-Activated Ionic Gelation of Alginate Hydrogel},
  author = {Higham, Alina K. and Bonino, Christopher A. and Raghavan, Srinivasa R. and Khan, Saad A.},
  year = {2014},
  volume = {10},
  pages = {4990--5002},
  issn = {1744-683X, 1744-6848},
  doi = {10/ggnn22},
  url = {http://xlink.rsc.org/?DOI=C4SM00411F},
  urldate = {2020-03-10},
  journal = {Soft Matter},
  language = {en},
  number = {27},
  itemID = 1547
}

@article{physical1999,
  title = {A Physical Model for the Drying of Gelcast Ceramics},
  author = {Ghosal, S. and {Emami-Naeini}, A. and Harn, Y-P and Draskovich, B. S. and Pollinger, J. P.},
  year = {1999},
  volume = {82},
  pages = {513--520},
  publisher = {{Wiley Online Library}},
  journal = {Journal of the American Ceramic Society},
  number = {3},
  itemID = 1185
}

@misc{Polarity,
  title = {Polarity {{Index}}},
  url = {http://macro.lsu.edu/howto/solvents/Polarity%20index.htm},
  urldate = {2019-10-29},
  itemID = 310
}
% == BibTeX quality report for Polarity:
% ? Title looks like it was stored in title-case in Zotero

@book{Polymer2018,
  title = {Polymer {{Gels}}: {{Science}} and {{Fundamentals}}},
  shorttitle = {Polymer {{Gels}}},
  author = {Thakur, Vijay Kumar and Thakur, Manju Kumari},
  year = {2018},
  month = aug,
  publisher = {{Springer}},
  googlebooks = {mhdnDwAAQBAJ},
  isbn = {978-981-10-6086-1},
  language = {en},
  itemID = 505
}
% == BibTeX quality report for Polymer2018:
% ? Title looks like it was stored in title-case in Zotero

@article{Polyurethane2009,
  title = {Polyurethane {{Foams Obtained}} from {{Castor Oil}}-Based {{Polyol}} and {{Filled}} with {{Wood Flour}}},
  author = {Mosiewicki, Mirna and DellArciprete, G. and Aranguren, Mirta and Marcovich, Norma},
  year = {2009},
  month = dec,
  volume = {43},
  pages = {3057--3072},
  doi = {10.1177/0021998309345342},
  journal = {Journal of Composite Materials - J COMPOS MATER},
  itemID = 2096
}

@article{Polyvinyl2020,
  title = {Polyvinyl Acetate},
  year = {2020},
  month = jan,
  url = {https://en.wikipedia.org/w/index.php?title=Polyvinyl_acetate&oldid=935891510},
  urldate = {2020-02-14},
  annotation = {Page Version ID: 935891510},
  copyright = {Creative Commons Attribution-ShareAlike License},
  journal = {Wikipedia},
  language = {en},
  itemID = 956
}
% == BibTeX quality report for Polyvinyl2020:
% Missing required field 'author'

@incollection{Powder2011,
  title = {Powder {{Injection Moulding}} - {{An Alternative Processing Method}} for {{Automotive Items}}},
  booktitle = {New {{Trends}} and {{Developments}} in {{Automotive System Engineering}}},
  author = {Hausnerova, Berenika},
  editor = {Chiaberge, Marcello},
  year = {2011},
  month = jan,
  publisher = {{InTech}},
  doi = {10.5772/13358},
  url = {http://www.intechopen.com/books/new-trends-and-developments-in-automotive-system-engineering/powder-injection-moulding-an-alternative-processing-method-for-automotive-items},
  urldate = {2020-03-28},
  isbn = {978-953-307-517-4},
  language = {en},
  itemID = 2220
}
% == BibTeX quality report for Powder2011:
% ? Title looks like it was stored in title-case in Zotero

@misc{Preparation,
  title = {Preparation of {{Calcium Iodate}}},
  url = {https://www.deanza.edu/chemistry/documents/1c/experiments/Experiment%20C3-%20Common%20Ion.pdf},
  urldate = {2020-03-08},
  itemID = 1305
}
% == BibTeX quality report for Preparation:
% ? Title looks like it was stored in title-case in Zotero

@article{Preparation2008,
  title = {Preparation of {{Polyvinyl Alcohol}} from {{Local Raw Material}}},
  author = {Haweel, Cecelia K and Ammar, Saad H},
  year = {2008},
  pages = {7},
  language = {en},
  itemID = 533
}
% == BibTeX quality report for Preparation2008:
% Missing required field 'journal'
% ? Title looks like it was stored in title-case in Zotero

@article{Preparationa,
  title = {Preparation of {{Al203 Ceramics}} by {{Low Pressure Injection Molding}}},
  author = {Miyamoto, Kei and Taguchi, Hideki},
  pages = {6},
  language = {en},
  itemID = 2229
}
% == BibTeX quality report for Preparationa:
% Missing required field 'journal'
% Missing required field 'year'
% ? Title looks like it was stored in title-case in Zotero

@inproceedings{Processing,
  title = {Processing of {{Ceramic Parts}} – {{Pressing}}},
  author = {{NP℡}},
  itemID = 1247
}
% == BibTeX quality report for Processing:
% Missing required field 'booktitle'
% Missing required field 'year'
% ? Title looks like it was stored in title-case in Zotero

@article{PRODUCTION,
  title = {{{PRODUCTION STRATEGIES FOR PRODUCTION}}-{{QUALITY PARTS FOR AEROSPACE APPLICATIONS}}},
  author = {Cawley, J D and Best, J E and Liu, Z and Oh, Cleveland},
  pages = {8},
  language = {en},
  itemID = 279
}
% == BibTeX quality report for PRODUCTION:
% Missing required field 'journal'
% Missing required field 'year'
% ? Title looks like it was stored in title-case in Zotero

@article{Properties2015,
  title = {Properties of Silicon Carbide Ceramics from Gelcasting and Pressureless Sintering},
  author = {Zhang, Jingxian and Jiang, Dongliang and Lin, Qingling and Chen, Zhongming and Huang, Zhengren},
  year = {2015},
  month = jan,
  volume = {65},
  pages = {12--16},
  issn = {02613069},
  doi = {10.1016/j.matdes.2014.08.034},
  url = {https://linkinghub.elsevier.com/retrieve/pii/S0261306914006505},
  urldate = {2019-12-17},
  journal = {Materials \& Design (1980-2015)},
  language = {en},
  itemID = 509
}

@misc{Reduction,
  title = {Reduction of {{Copper Oxide}} with {{Charcoal}}},
  url = {http://www.nhehs.org.uk/chemistry/_Carbon_(charcoal)_Copper_oxide.html},
  urldate = {2020-03-19},
  itemID = 2050
}
% == BibTeX quality report for Reduction:
% ? Title looks like it was stored in title-case in Zotero

@article{review,
  title = {A Review of Polyvinyl Alcohol Derivatives: {{Promising}} Materials for Pharmaceutical and Biomedical Applications},
  author = {Marin, Edwin and Rojas, John and Ciro, Yhors},
  pages = {12},
  language = {en},
  itemID = 556
}
% == BibTeX quality report for review:
% Missing required field 'journal'
% Missing required field 'year'

@misc{Rheology,
  title = {Rheology of {{Cross}}‐{{Linked Chitosan}}–{{Alumina Suspensions Used}} for a {{New Gelcasting Process}} - {{Johnson}} - 2002 - {{Journal}} of the {{American Ceramic Society}} - {{Wiley Online Library}}},
  url = {https://ceramics.onlinelibrary.wiley.com/doi/abs/10.1111/j.1151-2916.2002.tb00338.x},
  urldate = {2020-01-22},
  itemID = 867
}
% == BibTeX quality report for Rheology:
% ? Title looks like it was stored in title-case in Zotero

@article{Rheology2002,
  title = {Rheology of {{Cross}}-{{Linked Chitosan}}–{{Alumina Suspensions Used}} for a {{New Gelcasting Process}}},
  author = {Johnson, Stephen B. and Dunstan, David E. and Franks, George V.},
  year = {2002},
  volume = {85},
  pages = {1699--1705},
  issn = {1551-2916},
  doi = {10.1111/j.1151-2916.2002.tb00338.x},
  url = {https://ceramics.onlinelibrary.wiley.com/doi/abs/10.1111/j.1151-2916.2002.tb00338.x},
  urldate = {2020-01-22},
  journal = {Journal of the American Ceramic Society},
  language = {en},
  number = {7},
  itemID = 869
}
% == BibTeX quality report for Rheology2002:
% ? Title looks like it was stored in title-case in Zotero

@article{Rigidity1999,
  title = {Rigidity of {{Two}}-{{Component Hydrogels Prepared}} from {{Alginate}} and {{Poly}}(Ethylene Glycol)−{{Diamines}}},
  author = {Eiselt, Petra and Lee, Kuen Yong and Mooney, David J.},
  year = {1999},
  month = aug,
  volume = {32},
  pages = {5561--5566},
  issn = {0024-9297, 1520-5835},
  doi = {10.1021/ma990514m},
  url = {https://pubs.acs.org/doi/10.1021/ma990514m},
  urldate = {2019-12-17},
  journal = {Macromolecules},
  language = {en},
  number = {17},
  itemID = 508
}

@article{Roomtemperature2013,
  title = {Room-Temperature Gelcasting of Alumina with a Water-Soluble Copolymer},
  author = {Yang, Yan and Shimai, Shunzo and Wang, Shiwei},
  year = {2013},
  month = jun,
  volume = {28},
  pages = {1512--1516},
  issn = {0884-2914, 2044-5326},
  doi = {10.1557/jmr.2013.132},
  url = {https://www.cambridge.org/core/product/identifier/S0884291413001325/type/journal_article},
  urldate = {2019-12-17},
  journal = {Journal of Materials Research},
  language = {en},
  number = {11},
  itemID = 515
}

@misc{Science,
  title = {Science Made Alive: {{Chemistry}}/{{Experiments}}},
  url = {https://woelen.homescience.net/science/chem/exps/rules.html},
  urldate = {2020-02-14},
  itemID = 960
}

@misc{Sciencemadnessa,
  title = {Sciencemadness {{Discussion Board}} - Purification of Manganese Dioxide from Batteries - {{Powered}} by {{XMB}} 1.9.11},
  url = {http://www.sciencemadness.org/talk/viewthread.php?tid=62218},
  urldate = {2020-01-21},
  itemID = 855
}

@article{Screenprinted2005,
  title = {Screen-Printed Thick-Films: {{From}} Materials to Functional Devices},
  shorttitle = {Screen-Printed Thick-Films},
  author = {Ménil, Francis and Debéda, Hélène and Lucat, Claude},
  year = {2005},
  month = jan,
  volume = {25},
  pages = {2105--2113},
  issn = {09552219},
  doi = {10.1016/j.jeurceramsoc.2005.03.017},
  url = {https://linkinghub.elsevier.com/retrieve/pii/S0955221905001664},
  urldate = {2020-04-01},
  journal = {Journal of the European Ceramic Society},
  language = {en},
  number = {12},
  itemID = 2248
}

@article{Silicon2001,
  title = {Silicon {{Carbide Films}} by {{Laser Pyrolysis}} of {{Polycarbosilane}}},
  author = {Colombo, Paolo and Martucci, Alessandro and Fogato, Oscar and Villoresi, Paolo},
  year = {2001},
  month = jan,
  volume = {84},
  pages = {224--226},
  issn = {00027820, 15512916},
  doi = {10/d574ft},
  url = {http://doi.wiley.com/10.1111/j.1151-2916.2001.tb00636.x},
  urldate = {2020-03-10},
  journal = {Journal of the American Ceramic Society},
  language = {en},
  number = {1},
  itemID = 1580
}
% == BibTeX quality report for Silicon2001:
% ? Title looks like it was stored in title-case in Zotero

@article{simple2015,
  title = {A Simple Way to Prepare Silicon Carbide Reinforced Graphite Composite Lubricating Materials},
  author = {Han, Yongjun and Yan, Qingzhi and Li, Xianhui},
  year = {2015},
  month = apr,
  volume = {30},
  pages = {288--291},
  issn = {1000-2413, 1993-0437},
  doi = {10/ggnn2t},
  url = {http://link.springer.com/10.1007/s11595-015-1141-6},
  urldate = {2020-03-10},
  journal = {Journal of Wuhan University of Technology-Mater. Sci. Ed.},
  language = {en},
  number = {2},
  itemID = 1469
}
% == BibTeX quality report for simple2015:
% ? Possibly abbreviated journal title Journal of Wuhan University of Technology-Mater. Sci. Ed.

@article{Singlelevel1988,
  title = {Single-Level Multigrid},
  author = {Hunt, Roland},
  year = {1988},
  month = aug,
  volume = {23},
  pages = {133--139},
  issn = {03770427},
  doi = {10.1016/0377-0427(88)90275-0},
  url = {https://linkinghub.elsevier.com/retrieve/pii/0377042788902750},
  urldate = {2020-03-10},
  journal = {Journal of Computational and Applied Mathematics},
  language = {en},
  number = {2},
  itemID = 1415
}

@misc{Sintering,
  title = {Sintering},
  url = {http://www.bap.mu.edu.tr/icerik/metalurji.mu.edu.tr/Sayfa/Kalemtas_A_Sintering_2014.pdf},
  urldate = {2020-03-11},
  itemID = 1679
}

@article{Sintering1957a,
  title = {Sintering of {{Alumina}} at {{Temperatures}} of 1400 {{C}}. and {{Below}}},
  author = {Cutler, I. B. and Bradshaw, C. and Christensen, C. J. and Hyatt, E. P.},
  year = {1957},
  volume = {40},
  pages = {134--139},
  publisher = {{Wiley Online Library}},
  doi = {10.1111/j.1151-2916.1957.tb12589.x},
  journal = {Journal of the American Ceramic Society},
  number = {4},
  itemID = 1163
}
% == BibTeX quality report for Sintering1957a:
% ? Title looks like it was stored in title-case in Zotero

@article{SITU,
  title = {{{IN SITU POLYMERIZATION OF MONOMERS FOR POLYPHENYLQUINOXALINE}} -},
  author = {Serafini, Tito T},
  pages = {18},
  language = {en},
  itemID = 942
}
% == BibTeX quality report for SITU:
% Missing required field 'journal'
% Missing required field 'year'
% ? Title looks like it was stored in title-case in Zotero

@article{situ2013,
  title = {In Situ Citric Acid Crosslinking of Alginate/Polyvinyl Alcohol Electrospun Nanofibers},
  author = {Stone, Stephanie A. and Gosavi, Pallavi and Athauda, Thushara J. and Ozer, Ruya R.},
  year = {2013},
  month = dec,
  volume = {112},
  pages = {32--35},
  issn = {0167577X},
  doi = {10.1016/j.matlet.2013.08.100},
  url = {https://linkinghub.elsevier.com/retrieve/pii/S0167577X13011932},
  urldate = {2019-12-17},
  journal = {Materials Letters},
  language = {en},
  itemID = 523
}

@article{Sorption2006,
  title = {Sorption of Ethyl Acetate and D-Limonene in Poly(Lactide) Polymers},
  author = {Auras, Rafael and Harte, Bruce and Selke, Susan},
  year = {2006},
  month = mar,
  volume = {86},
  pages = {648--656},
  issn = {0022-5142, 1097-0010},
  doi = {10.1002/jsfa.2391},
  url = {http://doi.wiley.com/10.1002/jsfa.2391},
  urldate = {2019-11-01},
  journal = {Journal of the Science of Food and Agriculture},
  language = {en},
  number = {4},
  itemID = 330
}

@article{Starch2019,
  title = {Starch Gelatinization},
  year = {2019},
  month = nov,
  url = {https://en.wikipedia.org/w/index.php?title=Starch_gelatinization&oldid=927676171},
  urldate = {2020-02-13},
  annotation = {Page Version ID: 927676171},
  copyright = {Creative Commons Attribution-ShareAlike License},
  journal = {Wikipedia},
  language = {en},
  itemID = 949
}
% == BibTeX quality report for Starch2019:
% Missing required field 'author'

@article{Strong2018,
  title = {Strong, Tough and Mechanically Self-Recoverable Poly(Vinyl Alcohol)/Alginate Dual-Physical Double-Network Hydrogels with Large Cross-Link Density Contrast},
  author = {Li, Xuefeng and Shu, Mengmeng and Li, Han and Gao, Xiang and Long, Shijun and Hu, Tao and Wu, Chonggang},
  year = {2018},
  volume = {8},
  pages = {16674--16689},
  issn = {2046-2069},
  doi = {10.1039/C8RA01302K},
  url = {http://xlink.rsc.org/?DOI=C8RA01302K},
  urldate = {2019-12-18},
  journal = {RSC Advances},
  language = {en},
  number = {30},
  itemID = 525
}

@article{Studies2006,
  title = {Studies {{On The Crosslinking Of Poly}} ({{Vinyl Alcohol}})},
  author = {Gohil, J. M. and Bhattacharya, A. and Ray, P.},
  year = {2006},
  month = apr,
  volume = {13},
  pages = {161--169},
  issn = {1022-9760, 1572-8935},
  doi = {10.1007/s10965-005-9023-9},
  url = {http://link.springer.com/10.1007/s10965-005-9023-9},
  urldate = {2019-12-18},
  journal = {Journal of Polymer Research},
  language = {en},
  number = {2},
  itemID = 535
}
% == BibTeX quality report for Studies2006:
% ? Title looks like it was stored in title-case in Zotero

@article{Study2014,
  title = {Study on {{Gelcasting}} of {{Fused Silica Glass Using Glutinous Rice Flour}} as {{Binder}}},
  author = {Wan, Wei and Huang, Chun-e and Yang, Jian and Qiu, Tai},
  year = {2014},
  volume = {5},
  pages = {401--409},
  issn = {2041-1294},
  doi = {10.1111/ijag.12060},
  url = {https://ceramics.onlinelibrary.wiley.com/doi/abs/10.1111/ijag.12060},
  urldate = {2020-03-24},
  annotation = {\_eprint: https://ceramics.onlinelibrary.wiley.com/doi/pdf/10.1111/ijag.12060},
  copyright = {© 2014 The American Ceramic Society and Wiley Periodicals, Inc},
  journal = {International Journal of Applied Glass Science},
  language = {en},
  number = {4},
  itemID = 2163
}
% == BibTeX quality report for Study2014:
% ? Title looks like it was stored in title-case in Zotero

@book{Surface,
  title = {Surface {{Structure}} and {{Emissivity}} of {{Aluminum Nitride Films}}},
  author = {Yoshida, Masashi and Utsumi, Noah and Ichiki, Ryuta and Kong, Jung-hyun and E, Masahiro Okumiya},
  itemID = 297
}
% == BibTeX quality report for Surface:
% Missing required field 'publisher'
% Missing required field 'year'
% ? Title looks like it was stored in title-case in Zotero

@article{Synthesis2002,
  title = {Synthesis of High-Molecular-Weight Poly(Vinyl Alcohol) with High Yield by Novel One-Batch Suspension Polymerization of Vinyl Acetate and Saponification},
  author = {Lyoo, W. and Lee, H.},
  year = {2002},
  month = sep,
  volume = {280},
  pages = {835--840},
  issn = {1435-1536},
  doi = {10.1007/s00396-002-0691-2},
  url = {https://doi.org/10.1007/s00396-002-0691-2},
  urldate = {2020-03-16},
  journal = {Colloid and Polymer Science},
  language = {en},
  number = {9},
  itemID = 1857
}

@article{THERMAL,
  title = {{{THERMAL PERFORMANCE OF CRYOGENIC MULTILAYER INSULATION AT VARIOUS LAYER SPACINGS}}},
  author = {Johnson, Wesley Louis},
  pages = {95},
  language = {en},
  itemID = 498
}
% == BibTeX quality report for THERMAL:
% Missing required field 'journal'
% Missing required field 'year'
% ? Title looks like it was stored in title-case in Zotero

@techreport{Thermodynamics1965,
  title = {The {{Thermodynamics}} of the {{Silica}}/{{Silicon}}-{{Oxygen Vapor System}}},
  author = {Krieger, F. J.},
  year = {1965},
  institution = {{Rand Corp Santa Monica Ca}},
  itemID = 1228
}
% == BibTeX quality report for Thermodynamics1965:
% ? Title looks like it was stored in title-case in Zotero

@article{Thermoresponsive2011,
  title = {Thermoresponsive {{Gelcasting}}: {{Improved Drying}} of {{Gelcast Bodies}}},
  shorttitle = {Thermoresponsive {{Gelcasting}}},
  author = {Wang, Xiaofeng and Wang, Richu and Peng, Chaoqun and Li, Haipu and Liu, Bing and Wang, Zhiyong},
  year = {2011},
  volume = {94},
  pages = {1679--1682},
  issn = {1551-2916},
  doi = {10.1111/j.1551-2916.2011.04557.x},
  url = {https://ceramics.onlinelibrary.wiley.com/doi/abs/10.1111/j.1551-2916.2011.04557.x},
  urldate = {2020-03-24},
  annotation = {\_eprint: https://ceramics.onlinelibrary.wiley.com/doi/pdf/10.1111/j.1551-2916.2011.04557.x},
  copyright = {© 2011 The American Ceramic Society},
  journal = {Journal of the American Ceramic Society},
  language = {en},
  number = {6},
  itemID = 2168
}
% == BibTeX quality report for Thermoresponsive2011:
% ? Title looks like it was stored in title-case in Zotero

@article{Three,
  title = {Three Methods for in Situ Cross-Linking of Polyvinyl Alcohol Films for Application as Ion-Conducting Membranes in Potassium Hydroxide Electrolyte},
  author = {Philipp, W H and Hsu, L},
  pages = {19},
  language = {en},
  itemID = 517
}
% == BibTeX quality report for Three:
% Missing required field 'journal'
% Missing required field 'year'

@article{Ultrasonic2012,
  title = {Ultrasonic Study of the Gelation of Gelatin: Phase Diagram, Hysteresis and Kinetics},
  shorttitle = {Ultrasonic Study of the Gelation of Gelatin},
  author = {Parker, N. G. and Povey, M. J. W.},
  year = {2012},
  month = jan,
  volume = {26},
  pages = {99--107},
  issn = {0268005X},
  doi = {10.1016/j.foodhyd.2011.04.016},
  url = {http://arxiv.org/abs/1010.5971},
  urldate = {2020-01-22},
  archivePrefix = {arXiv},
  eprint = {1010.5971},
  eprinttype = {arxiv},
  journal = {Food Hydrocolloids},
  number = {1},
  itemID = 861
}

@article{Ultravioletinduced1965,
  title = {Ultraviolet-Induced Crosslinking of Poly(Vinyl Alcohol) in the Presence of Sensitizers},
  author = {Takakura, Koichi and Takayama, Gozo and Ukida, Junji},
  year = {1965},
  volume = {9},
  pages = {3217--3224},
  issn = {1097-4628},
  doi = {10.1002/app.1965.070091001},
  url = {https://onlinelibrary.wiley.com/doi/abs/10.1002/app.1965.070091001},
  urldate = {2019-12-17},
  copyright = {Copyright © 1965 John Wiley \& Sons, Inc.},
  journal = {Journal of Applied Polymer Science},
  language = {en},
  number = {10},
  itemID = 513
}

@article{Understandingc,
  title = {Understanding Isolator Standards and Certification to Meet Safety Requirements},
  author = {Lohbeck, David},
  pages = {6},
  journal = {NE T WOR K},
  language = {en},
  itemID = 426
}
% == BibTeX quality report for Understandingc:
% Missing required field 'year'

@article{Vacuum1986,
  title = {Vacuum Pumps and Systems: {{A}} Review of Current Practice},
  author = {Giles, S.},
  year = {1986},
  url = {https://ntrs.nasa.gov/search.jsp?R=19880001457},
  itemID = 1187
}
% == BibTeX quality report for Vacuum1986:
% Missing required field 'journal'

@article{VAPOR1923,
  title = {{{VAPOR PRESSURE OF COPPER OXIDE AND OF COPPER}}},
  author = {Mack, Edward and Osterhof, Gerard G. and Kraner, Hobart M.},
  year = {1923},
  month = mar,
  volume = {45},
  pages = {617--623},
  issn = {0002-7863, 1520-5126},
  doi = {10.1021/ja01656a008},
  url = {https://pubs.acs.org/doi/abs/10.1021/ja01656a008},
  urldate = {2019-10-30},
  journal = {Journal of the American Chemical Society},
  language = {en},
  number = {3},
  itemID = 318
}
% == BibTeX quality report for VAPOR1923:
% ? Title looks like it was stored in title-case in Zotero

@article{viscoelastic2001,
  title = {On the Viscoelastic Properties of Poly(Vinyl Alcohol) and Chemically Crosslinked Poly(Vinyl Alcohol)},
  author = {Park, Jun-Seo and Park, Jang-Woo and Ruckenstein, Eli},
  year = {2001},
  volume = {82},
  pages = {1816--1823},
  issn = {1097-4628},
  doi = {10.1002/app.2023},
  url = {https://onlinelibrary.wiley.com/doi/abs/10.1002/app.2023},
  urldate = {2019-12-18},
  copyright = {Copyright © 2001 John Wiley \& Sons, Inc.},
  journal = {Journal of Applied Polymer Science},
  language = {en},
  number = {7},
  itemID = 539
}

@article{Visible2010,
  title = {Visible Light-Induced Crosslinkable Gelatin},
  author = {Son, Tae Il and Sakuragi, Makoto and Takahashi, Sawa and Obuse, Sei and Kang, Jeonghwa and Fujishiro, Masako and Matsushita, Haruhiko and Gong, Jiansheng and Shimizu, Shigeru and Tajima, Yusuke and Yoshida, Yasuhiro and Suzuki, Kazuomi and Yamamoto, Toshio and Nakamura, Mariko and Ito, Yoshihiro},
  year = {2010},
  month = oct,
  volume = {6},
  pages = {4005--4010},
  issn = {1742-7061},
  doi = {10.1016/j.actbio.2010.05.018},
  url = {http://www.sciencedirect.com/science/article/pii/S1742706110002461},
  urldate = {2020-03-24},
  journal = {Acta Biomaterialia},
  language = {en},
  number = {10},
  itemID = 2156
}

@patent{Vitreous1942,
  title = {Vitreous High Alumina Porcelain},
  author = {Luks, D. W.},
  year = {1942},
  url = {https://patents.google.com/patent/US2290107A/en},
  itemID = 1236
}
% == BibTeX quality report for Vitreous1942:
% I don't know how to quality-check patent references

@article{Water2011,
  title = {Water {{Soluble Polymers}} for {{Pharmaceutical Applications}}},
  author = {Kadajji, Veeran Gowda and Betageri, Guru V.},
  year = {2011},
  month = dec,
  volume = {3},
  pages = {1972--2009},
  publisher = {{Molecular Diversity Preservation International}},
  doi = {10.3390/polym3041972},
  url = {https://www.mdpi.com/2073-4360/3/4/1972},
  urldate = {2020-03-28},
  copyright = {http://creativecommons.org/licenses/by/3.0/},
  journal = {Polymers},
  language = {en},
  number = {4},
  itemID = 2216
}
% == BibTeX quality report for Water2011:
% ? Title looks like it was stored in title-case in Zotero

@article{Waxbased2003,
  title = {Wax-Based Binder for Low-Ressure Injection Molding and the Robust Production of Ceramic Parts},
  author = {Zorzi, J. E. and nio Perottoni, C. Ã udio A. Ã and da Jornada, J. Ã o. A. H.},
  year = {2003},
  itemID = 1297
}
% == BibTeX quality report for Waxbased2003:
% Missing required field 'journal'

@misc{wn25205,
  title = {Wn25-205.Pdf},
  url = {https://cool.conservation-us.org/waac/wn/wn25/wn25-2/wn25-205.pdf},
  urldate = {2019-10-27},
  itemID = 638
}
% == BibTeX quality report for wn25205:
% ? Title looks like it was stored in lower-case in Zotero


